%% Created using Papers on Fri, 07 Sep 2018.
%% http://papersapp.com/papers/
%% Created using Papers on Sat, 08 Sep 2018.
%% http://papersapp.com/papers/
  @article{computing2006architectural,
  title={An architectural blueprint for autonomic computing},
  author={Computing, Autonomic and others},
  journal={IBM White Paper},
  volume={31},
  pages={1--6},
  year={2006},
  publisher={Citeseer}
}

@inproceedings{KonstantinosKakousis:2008ub,
  title={Optimizing the utility function-based self-adaptive behavior of context-aware systems using user feedback},
  author={Kakousis, Konstantinos and Paspallis, Nearchos and Papadopoulos, George A},
  booktitle={OTM Confederated International Conferences" On the Move to Meaningful Internet Systems"},
  pages={657--674},
  year={2008},
  publisher={Springer}
}

@article{fishburn1979two,
author = {Fishburn, Peter C and Kochenberger, Gary A},
title = {{Two-piece von Neumann-Morgenstern utility functions}},
journal = {Decision Sciences},
year = {1979},
volume = {10},
number = {4},
pages = {503--518}
}

@article{Wei:2016ge,
author = {Wei, Wei and Fan, Xunli and Song, Houbing and Fan, Xiumei and Yang, Jiachen},
title = {{Imperfect Information Dynamic Stackelberg Game Based Resource Allocation Using Hidden Markov for Cloud Computing}},
journal = {IEEE Transactions on Services Computing},
year = {2016},
volume = {11},
number = {1},
pages = {78--89},
month = feb
}

 
@inproceedings{Menasce:2007vq,
  title={Utility-based QoS brokering in service oriented architectures},
  author={Menasc{\'e}, Daniel A and Dubey, Vinod},
  booktitle={Web Services, 2007. ICWS 2007. IEEE International Conference on},
  pages={422--430},
  year={2007},
  publisher={IEEE}
}

 
 
@incollection{RogeriodeLemos:2011tj,
  title={Software engineering for self-adaptive systems: A second research roadmap},
  author={De Lemos, Rog{\'e}rio and Giese, Holger and M{\"u}ller, Hausi A and Shaw, Mary and Andersson, Jesper and Litoiu, Marin and Schmerl, Bradley and Tamura, Gabriel and Villegas, Norha M and Vogel, Thomas and others},
  booktitle={Software Engineering for Self-Adaptive Systems II},
  pages={1--32},
  year={2013},
  publisher={Springer}
}


 
@article{jelasityself,
  title={Self-star Properties in Complex Information Systems},
  author={Jelasity, Ozalp Babaoglu M{\'a}rk and Fetzer, Alberto Montresor Christof and van Moorsel, Stefano Leonardi Aad and van Steen, Maarten},
  year={2005},
  publisher={Springer}
}


@article{ongardie:2018wq,
author = {{ongardie}},
title = {{In Search of an Understandable Consensus Algorithm (Extended Version)}},
year = {2018},
pages = {1--18},
month = sep
}

@inproceedings{murguzur2014context,
author = {Murguzur, Aitor and Capilla, Rafael and Trujillo, Salvador and Ortiz, {\'O}scar and Lopez-Herrejon, Roberto E},
title = {{Context variability modeling for runtime configuration of service-based dynamic software product lines}},
booktitle = {Proceedings of the 18th International Software Product Line Conference: Companion Volume for Workshops, Demonstrations and Tools-Volume 2},
year = {2014},
pages = {2--9},
organization = {ACM}
}

@article{georgas2005architectural,
author = {Georgas, John C and van der Hoek, Andr{\'e} and Taylor, Richard N},
title = {{Architectural runtime configuration management in support of dependable self-adaptive software}},
journal = {ACM SIGSOFT Software Engineering Notes},
year = {2005},
volume = {30},
number = {4},
pages = {1--6}
}


@article{aware:2018wg,
author = {{aware}},
title = {{The Rise of the Enterprise Container Platform}},
year = {2018},
pages = {1--14},
month = jun
}

@webpage{Kubernetes:fnNARIkw,
author = {{Kubernetes}},
title = {{Kubernetes}},
year = {2018},
month = jan,
url = {https://kubernetes.io/}
}

@webpage{Anonymous:2017uo,
title = {{Docker Swarm}},
year = {2017},
month = dec,
url = {https://docs.docker.com/swarm/swarm_at_scale/deploy-app/}
}

@article{Anonymous:PD2GVc3p,
title = {{Real Time Data Mining-based Intrusion Detection}},
year = {2017},
pages = {1--12},
month = nov
}

@article{Cui:2017cc,
author = {Cui, Yuwei and Ahmad, Subutai and Hawkins, Jeff},
title = {{The HTM Spatial Pooler{\textemdash}A Neocortical Algorithm for Online Sparse Distributed Coding}},
journal = {Frontiers in Computational Neuroscience},
year = {2017},
volume = {11},
pages = {134--15},
month = nov
}

@article{Anonymous:u57XKFxc,
title = {{Service-Oriented Architecture}},
year = {2017},
pages = {1--51},
month = nov
}

@article{Pak:2017bf,
author = {Pak, Burak and Chua, Alvin and Moere, Andrew Vande},
title = {{FixMyStreet Brussels: Socio-Demographic Inequality in Crowdsourced Civic Participation}},
journal = {Journal of Urban Technology},
year = {2017},
volume = {24},
number = {2},
pages = {65--87},
month = oct
}

@article{Anonymous:2017jo,
title = {{Learning and Evolution in Dynamic Software Product Lines}},
year = {2017},
pages = {1--8},
month = sep
}

@proceedings{LitheF:ALzeTRzv,
title = {{Lithe_F15}},
year = {2017},
month = aug
}

@webpage{CiscoNetworkingAcademy:2017un,
author = {{Cisco Networking Academy}},
title = {{Packet Tracer}},
year = {2017},
month = feb,
url = {http://www.cisco.com/web/learning/netacad/course_catalog/PacketTracer.html}
}

@webpage{CiscoNetworkingAcademy:uc,
author = {{Cisco Networking Academy}},
title = {{CCNA Training Course | Cisco NetAcad}},
year = {2017},
month = jan,
url = {https://www.netacad.com/courses/ccna/}
}

@webpage{goMath:2017,
author = {{Houghton Mifflin Harcourt}},
title = {{GO Math Elementary and Middle School Math Curriculum Grades K{\textendash}8}},
year = {2017},
url = {http://www.hmhco.com/shop/education-curriculum/math/elementary-mathematics/go-math-k-8}
}

@webpage{baz:2017,
author = {Magableh, Basel},
title = {{PgDip Blog}},
year = {2017},
url = {baz365.wordpress.com}
}

@article{AHMAD2017134,
author = {Ahmad, Subutai and Lavin, Alexander and Purdy, Scott and Agha, Zuha},
title = {{Unsupervised real-time anomaly detection for streaming data}},
journal = {Neurocomputing},
year = {2017},
volume = {262},
number = {Supplement C},
pages = {134--147},
annote = {Online Real-Time Learning Strategies for Data Streams}
}

@webpage{goMath2:2017,
author = {{Houghton Mifflin Harcourt}},
title = {{Curious George Apps}},
year = {2017},
url = {https://www.hmhco.com/at-home/featured-shops/curious-george}
}

@webpage{twitch:2017,
author = {Magableh, Basel},
title = {{twitch.tv}},
year = {2017},
url = {http://twitch.tv/baseldit}
}

@book{Anonymous:2017wv,
title = {{Present and Ulterior Software Engineering}},
publisher = {Springer International Publishing},
year = {2017},
address = {Cham}
}

@incollection{Dragoni2017,
author = {Dragoni, Nicola and Giallorenzo, Saverio and Lafuente, Alberto Lluch and Mazzara, Manuel and Montesi, Fabrizio and Mustafin, Ruslan and Safina, Larisa},
title = {{Microservices: Yesterday, Today, and Tomorrow}},
booktitle = {Present and Ulterior Software Engineering},
year = {2017},
editor = {Mazzara, Manuel and Meyer, Bertrand},
pages = {195--216},
publisher = {Springer International Publishing},
address = {Cham}
}

@article{al2017multi,
author = {Al-Yaseen, Wathiq Laftah and Othman, Zulaiha Ali and Nazri, Mohd Zakree Ahmad},
title = {{Multi-level hybrid support vector machine and extreme learning machine based on modified K-means for intrusion detection system}},
journal = {Expert Systems With Applications},
year = {2017},
volume = {67},
pages = {296--303}
}

@webpage{docker_2017,
title = {{Docker Containers}},
year = {2017},
url = {https://www.docker.com/}
}

@webpage{DublinInstituteofTechnology:2016vy,
author = {{Dublin Institute of Technology}},
title = {{ Erasmus and Exchange}},
year = {2016},
month = aug,
url = {http://www.dit.ie/erasmusandexchange/}
}

@article{Anonymous:iFJl9Vcs,
title = {{arXiv:1607.02480v1 [cs.AI] 8 Jul 2016}},
year = {2016},
pages = {1--10},
month = jul
}

@article{Anonymous:3g4-g-6H,
title = {{Intrusion Detection System for Internet of Things}},
year = {2016},
pages = {1--6},
month = may
}

@article{Anonymous:tK5Xu_Sn,
title = {{Designing Modules for Learning}},
year = {2016},
pages = {1--21},
month = may
}

@article{Buczak:2016kt,
author = {Buczak, Anna L and Guven, Erhan},
title = {{A Survey of Data Mining and Machine Learning Methods for Cyber Security Intrusion Detection}},
journal = {IEEE Communications Surveys {\&} Tutorials},
year = {2016},
volume = {18},
number = {2},
pages = {1153--1176},
month = may
}

@article{Amudhavel:2016kj,
author = {Amudhavel, J and Brindha, V and Anantharaj, B and Karthikeyan, P and Bhuvaneswari, B and Vasanthi, M and Nivetha, D and Vinodha, D},
title = {{A Survey on Intrusion Detection System: State of the Art Review}},
journal = {Indian Journal of Science and Technology},
year = {2016},
volume = {9},
number = {11},
pages = {1--9},
month = mar
}

@article{Anonymous:FxUbrGdS,
title = {{Service-Oriented Architecture}},
year = {2016},
pages = {1--3},
month = jan
}

@article{Anonymous:sd_QlzZ5,
title = {{Microservices Architecture Enables DevOps: An Experience Report on Migration to a Cloud-Native Architecture}},
year = {2016},
pages = {1--13},
month = jan
}

@article{balalaie2016microservices,
author = {Hunkins, F P and Ornstein, A C},
title = {{Microservices architecture enables DevOps: migration to a cloud-native architecture}},
journal = {NASSP Bulletin},
year = {2016},
volume = {33},
number = {3},
pages = {42--52}
}

@inproceedings{gupta2016network,
author = {Gupta, Dikshant and Singhal, Suhani and Malik, Shamita and Singh, Archana},
title = {{Network intrusion detection system using various data mining techniques}},
booktitle = {Research Advances in Integrated Navigation Systems (RAINS), International Conference on},
year = {2016},
pages = {1--6},
organization = {IEEE}
}

@book{Alias:2016wl,
author = {Alias, Nor Aziah and Luaran, Johan Eddy},
title = {{Student-Driven Learning Strategies for the 21st Century Classroom}},
publisher = {IGI Global},
year = {2016},
address = {Hershey}
}

@inproceedings{hodo2016threat,
author = {Hodo, Elike and Bellekens, Xavier and Hamilton, Andrew and Dubouilh, Pierre-Louis and Iorkyase, Ephraim and Tachtatzis, Christos and Atkinson, Robert},
title = {{Threat analysis of iot networks using artificial neural network intrusion detection system}},
booktitle = {Networks, Computers and Communications (ISNCC), 2016 International Symposium on},
year = {2016},
pages = {1--6},
organization = {IEEE}
}

@article{DBLP:journals/corr/AhmadP16,
author = {Ahmad, Subutai and Purdy, Scott},
title = {{Real-Time Anomaly Detection for Streaming Analytics}},
journal={arXiv preprint arXiv:1607.02480},
year = {2016},
volume = {abs/1607.02480}
}

@article{pajouh2016two,
author = {Pajouh, Hamed Haddad and Javidan, Reza and Khayami, Raouf and Ali, Dehghantanha and Choo, Kim-Kwang Raymond},
title = {{A two-layer dimension reduction and two-tier classification model for anomaly-based intrusion detection in IoT backbone networks}},
journal = {IEEE Transactions on Emerging Topics in Computing},
year = {2016}
}

@article{arul:2015vc,
author = {{arul}},
title = {{Microsoft Word - 2.IoT-A review on security issues and measures_rinju.doc}},
year = {2015},
pages = {1--4},
month = dec
}

@article{Harju:2015bw,
author = {Harju, Anne and {\AA}kerblom, Annika},
title = {{Colliding collaboration in student-centred learning in higher education}},
journal = {Studies in Higher Education},
year = {2015},
pages = {1--13},
month = dec
}

@article{Chen:2015fl,
author = {Chen, Feng and Deng, Pan and Wan, Jiafu and Zhang, Daqiang and Vasilakos, Athanasios V and Rong, Xiaohui},
title = {{Data Mining for the Internet of Things: Literature Review and Challenges}},
journal = {International Journal of Distributed Sensor Networks},
year = {2015},
pages = {1--14},
month = aug
}

@article{Chen:2015fla,
author = {Chen, Feng and Deng, Pan and Wan, Jiafu and Zhang, Daqiang and Vasilakos, Athanasios V and Rong, Xiaohui},
title = {{Data Mining for the Internet of Things: Literature Review and Challenges}},
journal = {International Journal of Distributed Sensor Networks},
year = {2015},
pages = {1--14},
month = aug
}

@article{Anonymous:5jNhMAny,
title = {{A Hybrid Intrusion Detection System Based on C5.0 Decision Tree and One-Class SVM}},
year = {2015},
pages = {1--7},
month = jun
}

@article{LeCun:2015dt,
author = {LeCun, Yann and Bengio, Yoshua and Hinton, Geoffrey},
title = {{Deep learning}},
journal = {Nature},
year = {2015},
volume = {521},
number = {7553},
pages = {436--444},
month = may
}

@article{Anonymous:2015vn,
title = {{What is Docker?}},
year = {2015},
month = may
}

@book{bass2015devops,
author = {Bass, Len and Weber, Ingo and Zhu, Liming},
title = {{DevOps: A Software Architect's Perspective}},
publisher = {Addison-Wesley Professional},
year = {2015}
}

@book{bass2015devops,
author = {Bass, Len and Weber, Ingo and Zhu, Liming},
title = {{DevOps: A Software Architect's Perspective}},
publisher = {Addison-Wesley Professional},
year = {2015}
}

@inproceedings{balalaie2015migrating,
author = {Balalaie, Armin and Heydarnoori, Abbas and Jamshidi, Pooyan},
title = {{Migrating to cloud-native architectures using microservices: an experience report}},
booktitle = {European Conference on Service-Oriented and Cloud Computing},
year = {2015},
pages = {201--215},
organization = {Springer}
}

@article{DBLP:journals/corr/LavinA15,
author = {Lavin, Alexander and Ahmad, Subutai},
title = {{Evaluating Real-time Anomaly Detection Algorithms - the Numenta Anomaly Benchmark}},
journal = {CoRR},
year = {2015},
volume = {abs/1510.03336},
pages = {38--44}
}

@inproceedings{stubbs2015distributed,
author = {Stubbs, Joe and Moreira, Walter and Dooley, Rion},
title = {{Distributed systems of microservices using docker and serfnode}},
booktitle = {Science Gateways (IWSG), 2015 7th International Workshop on},
year = {2015},
pages = {34--39},
publisher = {IEEE}
}
 
@article{haq2015application,
  title={Application of machine learning approaches in intrusion detection system: a survey},
  author={Haq, Nutan Farah and Onik, Abdur Rahman and Hridoy, Md Avishek Khan and Rafni, Musharrat and Shah, Faisal Muhammad and Farid, Dewan Md},
  journal={IJARAI-International Journal of Advanced Research in Artificial Intelligence},
  volume={4},
  number={3},
  pages={9--18},
  year={2015}
}
@inproceedings{Kolekar:2015hd,
author = {Kolekar, S and Pai, Radhika M and M, Manohara Pai M},
title = {{Adaptive user interface for e-learning applications based on learning styles using Web Logs analysis: A hybrid cloud architecture}},
booktitle = {TENCON 2015 - 2015 IEEE Region 10 Conference},
year = {2015},
pages = {1--6},
publisher = {IEEE}
}

@article{laftah2015hybrid,
author = {Laftah Al-Yaseen, Wathiq and Ali Othman, Zulaiha and Ahmad Nazri, Mohd Zakree},
title = {{Hybrid Modified-Means with C4. 5 for Intrusion Detection Systems in Multiagent Systems}},
journal = {The Scientific World Journal},
year = {2015},
volume = {2015}
}

@article{harvey2015constructing,
author = {Harvey, Jen and Kavanagh, Allison and Kilmartin, Dave and O'Connor, Rachel and O'Leary, Ciaran and O'Rourke, K C},
title = {{Constructing a Practice Informed Graduate Attributes Toolkit: built in not bolt-on}},
year = {2015}
}

 
@inproceedings{ongaro2015raft,
  title={In search of an understandable consensus algorithm.},
  author={Ongaro, Diego and Ousterhout, John K},
  booktitle={USENIX Annual Technical Conference},
  pages={305--319},
  year={2014}
}

@inproceedings{kolekar2015adaptive,
author = {Kolekar, S and Pai, Radhika M and MM, Manohara Pai},
title = {{Adaptive user interface for e-learning applications based on learning styles using Web Logs analysis: A hybrid cloud architecture}},
booktitle = {TENCON 2015-2015 IEEE Region 10 Conference},
year = {2015},
pages = {1--6},
organization = {IEEE}
}

@article{Anonymous:VEDE83rK,
title = {{ANOMALY DETECTION WITH CORTICAL LEARNING ALGORITHM FOR SMART HOMES}},
year = {2014},
pages = {1--4},
month = nov
}

@article{Anonymous:WmjovK1w,
title = {{WSSSPE2_Docker}},
year = {2014},
pages = {1--4},
month = jul
}

@book{Grant:2014vo,
author = {Grant, Peggy and Basye, Dale},
title = {{Personalized Learning}},
publisher = {International Society for Technology in Education},
year = {2014},
series = {A Guide for Engaging Students with Technology},
month = jun
}

@article{GUZER20144596,
author = {G{\"u}zer, Bayram and Caner, Hamit},
title = {{The Past, Present and Future of Blended Learning: An in Depth Analysis of Literature}},
journal = {Procedia - Social and Behavioral Sciences},
year = {2014},
volume = {116},
pages = {4596--4603},
month = feb
}

@article{Danieletto:2014hx,
author = {Danieletto, Matteo and Bui, Nicola and Zorzi, Michele},
title = {{RAZOR: A Compression and Classification Solution for the Internet of Things}},
journal = {Sensors},
year = {2014},
volume = {14},
number = {1},
pages = {68--94},
month = jan
}

@article{merkel2014docker,
author = {Merkel, Dirk},
title = {{Docker: lightweight linux containers for consistent development and deployment}},
journal = {Linux Journal},
year = {2014},
volume = {2014},
number = {239},
pages = {2}
}

@book{Holler:2014tf,
author = {H{\"o}ller, Jan and Tsiatsis, Vlasios and Mulligan, Catherine and Karnouskos, Stamatis and Avesand, Stefan and Boyle, David},
title = {{From Machine-to-Machine to the Internet of Things - Introduction to a New Age of Intelligence}},
publisher = {Academic Press},
year = {2014}
}

@book{holler:2014ma,
author = {H{\"o}ller, Jan and Tsiatsis, Vlasios and Mulligan, Catherine and Avesand, Stefan and Karnouskos, Stamatis and Boyle, David},
title = {{From Machine-to-machine to the Internet of Things: Introduction to a New Age of Intelligence}},
publisher = {Academic Press},
year = {2014}
}

@book{jin2014exploring,
author = {Jin, Zheng},
title = {{Exploring Implicit Cognition: Learning, Memory, and Social Cognitive Processes: Learning, Memory, and Social Cognitive Processes}},
publisher = {IGI Global},
year = {2014}
}

@article{golmah2014efficient,
author = {Golmah, Vahid},
title = {{An efficient hybrid intrusion detection system based on C5. 0 and SVM}},
journal = {International Journal of Database Theory and Application},
year = {2014},
volume = {7},
number = {2},
pages = {59--70}
}

@article{GUZER20144596,
author = {G{\"u}zer, Bayram and Caner, Hamit},
title = {{The Past, Present and Future of Blended Learning: An in Depth Analysis of Literature}},
journal = {Procedia - Social and Behavioral Sciences},
year = {2014},
volume = {116},
pages = {4596--4603}
}

@article{phumeechanya:2014ub,
author = {Phumeechanya, Noppadon and Wannapiroon, Panita},
title = {{Ubiquitous scaffold learning environment using problem-based learning to enhance problem-solving skills and context awareness}},
journal = {arXiv preprint arXiv:1401.2234},
year = {2014}
}

@inproceedings{ongaro2014search,
author = {Ongaro, Diego and Ousterhout, John K},
title = {{In search of an understandable consensus algorithm.}},
booktitle = {USENIX Annual Technical Conference},
year = {2014},
pages = {305--319}
}

@article{Phumeechanya:2014ws,
author = {Phumeechanya, Noppadon and Wannapiroon, Panita},
title = {{Ubiquitous Scaffold Learning Environment Using Problem-based Learning to Enhance Problem-solving Skills and Context Awareness.}},
journal = {CoRR},
year = {2014},
volume = {2},
number = {4}
}

@article{Wu:2014fj,
author = {Wu, Zhaohui and Ooi, Beng Chin},
title = {{From Big Data to Data Science - A Multi-disciplinary Perspective.}},
journal = {Big Data Research},
year = {2014},
volume = {1},
number = {1},
pages = {1}
}

@article{Kitchin:2013dp,
author = {Kitchin, Rob},
title = {{The real-time city? Big data and smart urbanism}},
journal = {GeoJournal},
year = {2013},
volume = {79},
number = {1},
pages = {1--14},
month = nov
}

@article{Kitchin:2013dpa,
author = {Kitchin, Rob},
title = {{The real-time city? Big data and smart urbanism}},
journal = {GeoJournal},
year = {2013},
volume = {79},
number = {1},
pages = {1--14},
month = nov
}

@article{Anonymous:gAX1JwZx,
title = {{Sparse Distributed Memory}},
year = {2013},
pages = {1--24},
month = oct
}

@techreport{Hannu:2013uf,
author = {{Hannu}},
title = {{Paperid235praha}},
year = {2013},
month = oct
}

@article{Kahu:2013kg,
author = {Kahu, Ella R},
title = {{Framing student engagement in higher education}},
journal = {Studies in Higher Education},
year = {2013},
volume = {38},
number = {5},
pages = {758--773},
month = may
}

@article{Anonymous:DIz-PKIQ,
title = {{LIGHTWEIGHT SECURITY SOLUTIONS LIGHTWEIGHT SECURITY SOLUTIONS FOR THE INTERNET OF THINGS FOR THE INTERNET OF THINGS}},
year = {2013},
pages = {1--69},
month = may
}

@article{Girvan:2013fj,
author = {Girvan, Carina and Tangney, Brendan and Savage, Timothy},
title = {{SLurtles: Supporting constructionist learning in Second Life}},
journal = {Computers {\&} Education},
year = {2013},
volume = {61},
pages = {115--132},
month = feb
}

@article{vskoviera2013image,
author = {{\v{S}}koviera, R and Bajla, I},
title = {{Image classification based on hierarchical temporal memory and color features}},
journal = {Slovak Academy of Sciences, MEASUREMENT},
year = {2013}
}

@article{kumar2013k,
author = {Kumar, Vipin and Chauhan, Himadri and Panwar, Dheeraj},
title = {{K-means clustering approach to analyze NSL-KDD intrusion detection dataset}},
journal = {International Journal of Soft Computing and Engineering (IJSCE)},
year = {2013}
}

@manual{Academy:2013:RSE:2588103,
title = {{Routing and Switching Essentials Lab Manual}},
author = {{Cisco Networking Academy}},
edition = {1st},
year = {2013}
}

@article{Tofade:2013tr,
author = {Tofade, T and Elsner, J and Haines, S T},
title = {{Best practice strategies for effective use of questions as a teaching tool}},
journal = {American journal of pharmaceutical education},
year = {2013},
volume = {77},
number = {7},
pages = {155}
}

@article{solankiintrusion,
author = {Solanki, Meghana and Dhamdhere, Vidya},
title = {{Intrusion Detection System by using K-Means clustering C 4.5 FNN SVM classifier}},
year = {2013}
}

@article{osaili2013food,
author = {Osaili, Tareq M and Jamous, Dima O Abu and Obeidat, Bayan A and Bawadi, Hiba A and Tayyem, Reema F and Subih, Hadil S},
title = {{Food safety knowledge among food workers in restaurants in Jordan}},
journal = {Food Control},
year = {2013},
volume = {31},
number = {1},
pages = {145--150}
}

@article{TERHO:2012vv,
author = {TERHO, Mikko},
title = {{Practical Approach to Real Time Contextual Data Access}},
journal = {IOS press},
year = {2012},
volume = {251},
pages = {328--343},
month = oct
}

@article{Oti:2012kn,
author = {Oti, Alfred},
title = {{Learning with digital games: a practical guide to engaging students in higher education}},
journal = {Learning, Media and Technology},
year = {2012},
volume = {37},
number = {3},
pages = {328--330},
month = sep
}

@article{Anonymous:2012vo,
title = {{HULK, Web Server DoS Tool}},
year = {2012},
month = may
}

@article{Tobin:2012wq,
author = {Tobin, Judith},
title = {{Engaging First-Year Students {\textendash} A Blended Learning Model for Active Learning at Queen{\textquoteright}s University}},
year = {2012},
pages = {1--5},
month = apr
}

@article{Anonymous:i50bNp62,
title = {{!"{\#}$%{\&}%'()*)+)!'(,%-,)+.{\#}/,01%)2034{\#}{\&}05{\#},0'()67{\#}$%8'79)))))))))))))))))))))))))))))))))) :'7){\#});'<0{\&}%)=(107'($%(,)}},
year = {2012},
pages = {1--7},
month = jan
}

@article{Anonymous:UsKGFT_j,
title = {{Open Geospatial Consortium Inc.}},
year = {2012},
pages = {1--28},
month = jan
}

@article{Anonymous:Z-RmQ6yh,
title = {{A framework to develop location based services applications using OGC map services}},
year = {2012},
pages = {1--6},
month = jan
}

@article{Anonymous:UHwOeSJ2,
title = {{Software, Services and Complexity Research in the IST Programme}},
year = {2012},
pages = {1--48},
month = jan
}

@article{Fernando:2012et,
author = {Fernando, Shantha and Sol, Henk G and Dahanayake, Ajantha},
title = {{The Usefulness of Learning Objects in Industry Oriented Learning Environments}},
journal = {International Journal of Virtual and Personal Learning Environments (IJVPLE)},
year = {2012},
volume = {3},
number = {2},
pages = {1--20},
month = jan
}

@article{tomlinson2012graduate,
author = {Tomlinson, Michael},
title = {{Graduate employability: A review of conceptual and empirical themes}},
journal = {Higher Education Policy},
year = {2012},
volume = {25},
number = {4},
pages = {407--431}
}

@inproceedings{bujlow2012method,
author = {Bujlow, Tomasz and Riaz, Tahir and Pedersen, Jens Myrup},
title = {{A method for classification of network traffic based on C5. 0 Machine Learning Algorithm}},
booktitle = {Computing, Networking and Communications (ICNC), 2012 International Conference on},
year = {2012},
pages = {237--241},
publisher = {IEEE}
}

@article{Huang:2012hm,
author = {Huang, Yueh-Min and Liang, Tsung-Ho and Su, Yen-Ning and Chen, Nian-Shing},
title = {{Empowering personalized learning with an interactive e-book learning system for elementary school students}},
journal = {Educational Technology Research and Development},
year = {2012},
volume = {60},
number = {4},
pages = {703--722}
}

@phdthesis{Magableh:2012tb,
author = {Magableh, B},
title = {{Context-Oriented Component-based Software Development}},
school = {Trinity College Dublin},
year = {2012},
address = {Dublin}
}

@article{doelitzscher2012agent,
author = {Doelitzscher, Frank and Reich, Christoph and Knahl, Martin and Passfall, Alexander and Clarke, Nathan},
title = {{An agent based business aware incident detection system for cloud environments}},
journal = {Journal of Cloud Computing: Advances, Systems and Applications},
year = {2012},
volume = {1},
number = {1},
pages = {9}
}

@article{Li:2011gv,
author = {Li, Haifeng and Zhu, Qing and Yang, Xiaoxia and Xu, Linrong},
title = {{Computers {\&} Geosciences}},
journal = {Computers and Geosciences},
year = {2011},
pages = {1--14},
month = dec
}

@inproceedings{6128477,
author = {Zhang, J and Wu, G and Hu, X and Li, S and Hao, S},
title = {{A Parallel K-Means Clustering Algorithm with MPI}},
booktitle = {2011 Fourth International Symposium on Parallel Architectures, Algorithms and Programming},
year = {2011},
pages = {60--64},
month = dec
}

@article{Anonymous:uj-Afgio,
title = {{1 Introduction}},
year = {2011},
pages = {1--26},
month = nov
}

@article{Anonymous:3DufC_Wg,
title = {{Collaborative Filtering - A Group Profiling Algorithm for Personalisation in a Spatial Recommender System}},
year = {2011},
pages = {1--7},
month = nov
}

@article{Fiedler:2011et,
author = {Fiedler, Sebastian H D and V{\"a}ljataga, Terje},
title = {{Personal Learning Environments}},
journal = {International Journal of Virtual and Personal Learning Environments},
year = {2011},
volume = {2},
number = {4},
pages = {1--11},
month = oct
}

@article{Anonymous:tdYc9qSQ,
title = {{Model-Centric, Context-Aware Software Adaptation}},
year = {2011},
pages = {1--18},
month = jul
}

@article{Anonymous:cLDSqqXM,
title = {{Arxiv preprint arXiv1105.0069 2011 Salvaneschi}},
year = {2011},
pages = {1--10},
month = jul
}

@article{Anonymous:R_QBT51V,
title = {{2011-4}},
year = {2011},
pages = {1--10},
month = jul
}

@article{Treiblmayr:2011em,
author = {Treiblmayr, Martin and Scheider, Simon and Kr{\"u}ger, Antonio and Linden, Marc},
title = {{Integrating GI with non-GI services{\textemdash}showcasing interoperability in a heterogeneous service-oriented architecture}},
journal = {GeoInformatica},
year = {2011},
volume = {16},
number = {1},
pages = {207--220},
month = jun
}

@article{Anonymous:8n_9KSl0,
title = {{Aspectual Mixin Layers: Aspects and Features in Concert}},
year = {2011},
pages = {1--10},
month = jun
}

@article{Anonymous:1B-nZ6HL,
title = {{Context-oriented Programming for Mobile Devices: JCop on Android}},
year = {2011},
pages = {1--5},
month = jun
}

@article{Bao:2011hy,
author = {Bao, Tengfei and Cao, Huanhuan and Chen, Enhong and Tian, Jilei and Xiong, Hui},
title = {{An unsupervised approach to modeling personalized contexts of mobile users}},
journal = {Knowledge and Information Systems},
year = {2011},
volume = {31},
number = {2},
pages = {345--370},
month = may
}

@article{Fong:2011gp,
author = {Fong, Simon and Yang, Hang},
title = {{The Six Technical Gaps between Intelligent Applications and Real-Time Data Mining: A Critical Review}},
journal = {Journal of Emerging Technologies in Web Intelligence},
year = {2011},
volume = {3},
number = {2},
month = may
}

@article{Adams:2011hr,
author = {Adams, Colin},
title = {{Leonhard Euler and the Seven Bridges of K{\"o}nigsberg}},
journal = {The Mathematical Intelligencer},
year = {2011},
volume = {33},
number = {4},
pages = {18--20},
month = apr
}

@article{Anonymous:DlK91jNb,
title = {{Visualising User Interaction History to Identify Web Map Usage Patterns}},
year = {2011},
pages = {1--7},
month = mar
}

@article{AliTahir:2011ub,
author = {Ali Tahir, Gavin McArdle and Michela Bertolotto},
title = {{A Web-Based Visualisation Tool for Analysing Mouse Movements to Support Map Personalisation}},
year = {2011},
pages = {1--12},
month = mar
}

@article{Anonymous:E6TT7tIl,
title = {{Cocoa Fundamentals Guide}},
year = {2011},
pages = {1--244},
month = jan
}

@inproceedings{magableh2011model,
author = {Magableh, Basel and Barrett, Stephen},
title = {{Model-Driven productivity evaluation for self-adaptive Context-Oriented software development}},
booktitle = {Next Generation Mobile Applications, Services and Technologies (NGMAST), 2011 5th International Conference on},
year = {2011},
pages = {87--93},
organization = {IEEE}
}

@inproceedings{magableh2011adaptive,
author = {Magableh, Basel and Barrett, Stephen},
title = {{Adaptive context oriented component-based application middleware (coca-middleware)}},
booktitle = {International Conference on Ubiquitous Intelligence and Computing},
year = {2011},
pages = {137--151},
organization = {Springer}
}

@article{mell2011nist,
author = {Mell, Peter and Grance, Tim and {others}},
title = {{The NIST definition of cloud computing}},
year = {2011}
}

@book{lattuca2011shaping,
author = {Lattuca, Lisa R and Stark, Joan S},
title = {{Shaping the college curriculum: Academic plans in context}},
publisher = {John Wiley {\&} Sons},
year = {2011}
}

@book{Anonymous:2011tn,
title = {{Ubiquitous Intelligence and Computing: 8th International Conference, UIC 2011, Banff, Canada, September 2-4, 2011. Proceedings}},
publisher = {Springer Berlin Heidelberg},
year = {2011},
address = {Berlin, Heidelberg}
}

@article{fu2011intrusion,
author = {Fu, Rongrong and Zheng, Kangfeng and Zhang, Dongmei and Yang, Yixian},
title = {{An intrusion detection scheme based on anomaly mining in Internet of Things}},
year = {2011}
}

@book{lammle2011ccna,
author = {Lammle, Todd},
title = {{CCNA Cisco Certified Network Associate Deluxe Study Guide}},
publisher = {John Wiley \{\&} Sons},
year = {2011}
}

@book{biggs2011teaching,
author = {Biggs, John B},
title = {{Teaching for quality learning at university: What the student does}},
publisher = {McGraw-Hill Education (UK)},
year = {2011}
}

@proceedings{Magableh2011,
title = {{Adaptive Context Oriented Component-Based Application Middleware (COCA-Middleware)}},
year = {2011},
editor = {Ma, Jianhua},
publisher = {Springer Berlin Heidelberg},
address = {Berlin, Heidelberg}
}

@article{Anonymous:aWCi7ePn,
title = {{COCOMO IIModel Definition Manual}},
year = {2010},
pages = {1--90},
month = dec
}

@techreport{CDT:2010p3635,
author = {Framework, Eclipse Modelling},
title = {{Eclipse CDT (C/C++ Development Tooling)}},
year = {2010},
month = dec
}

@techreport{Metrics:2010,
title = {{Metrics 1.3.6}},
year = {2010},
month = dec
}

@techreport{MUSIC:2010,
author = {{IST-MUSIC}},
title = {{MUSIC software and documentation}},
year = {2010},
month = dec
}

@techreport{XSLT:2010p3735,
author = {Consortium, World Wide Web},
title = {{Extensible Stylesheet Language Transformations}},
year = {2010},
month = dec
}

@article{Anonymous:N7mhbFEO,
title = {{Modularizing Design Patterns with Aspects: A Quantitative Study}},
year = {2010},
pages = {1--12},
month = nov
}

@article{Anonymous:dfO4h88G,
title = {{The Productivity Benefits of}},
year = {2010},
pages = {1--23},
month = nov
}

@article{Anonymous:dP4B3aB2,
title = {{E-,.37<8=L3;,>!E89/:37,!F7-?</,-/47,! M@3043/<8.!D,/?8>;V!F.!(@,7@<,:!}},
year = {2010},
pages = {1--12},
month = nov
}

@article{Anonymous:JtUH7g2c,
title = {{Anas Jadallah MSc Thesis_CameraReady}},
year = {2010},
pages = {1--150},
month = nov
}

@article{Anonymous:aYV8P7k3,
title = {{Adaptability Evaluation at Software Architecture Level}},
year = {2010},
pages = {1--30},
month = nov
}

@article{Anonymous:Tcvqh_0E,
title = {{Self Managementand the Future of Software Design}},
year = {2010},
pages = {1--17},
month = nov
}

@article{Anonymous:B1dHLSOa,
title = {{Proceedings of theSecond International DisCoTec Workshop on Context-aware Adaptation Mechanisms for Pervasive and Ubiquitous Services (CAMPUS 2009)}},
year = {2010},
pages = {1--16},
month = nov
}

@article{Anonymous:M1ftTb0r,
title = {{Rainbow: Architecture- Based Self-Adaptation with Reusable Infrastructure}},
year = {2010},
pages = {1--9},
month = nov
}

@article{Anonymous:o3XFopYI,
title = {{PCOM {\textendash} A Component System for Pervasive Computing}},
year = {2010},
pages = {1--10},
month = nov
}

@article{Anonymous:r_hp5jbT,
title = {{The CASA Approach to Autonomic Applications}},
year = {2010},
pages = {1--10},
month = nov
}

@article{Anonymous:LsHxajQ_,
title = {{Abstractions for Software Architecture and Tools to Support Them}},
year = {2010},
pages = {1--44},
month = nov
}

@article{Anonymous:fXg4YO5e,
title = {{DYNAMIC CONTEXT BINDINGS}},
year = {2010},
pages = {1--297},
month = nov
}

@article{Anonymous:XdLIDHdr,
title = {{Using Object-Oriented Typing to Support Architectural Design in the C2 Style}},
year = {2010},
pages = {1--9},
month = nov
}

@article{Anonymous:JQZtv5qj,
title = {{On the Role of Software Architectures in Runtime System Reconfiguration}},
year = {2010},
pages = {1--10},
month = nov
}

@techreport{EMF:2010,
author = {{Eclipse}},
title = {{Eclipse Modelling Framework}},
year = {2010},
month = nov
}

@techreport{website:GMF:2010,
author = {{Eclipse}},
title = {{Graphical Modelling Framework}},
year = {2010},
month = nov
}

@article{Anonymous:TSbh66fb,
title = {{A Generative Programming Framework for Context-Aware CSCW Applications}},
year = {2010},
pages = {1--39},
month = oct
}

@article{Anonymous:alUUur42,
title = {{Activities, Context and Ubiquitous Computing}},
year = {2010},
pages = {1--14},
month = oct
}

@article{Jpl:2010ua,
author = {{Jpl}},
title = {{Human-Rated Automation and Robotics}},
year = {2010},
pages = {1--180},
month = oct
}

@article{Anonymous:HiVaUs2I,
title = {{Patterns, Frameworks, and Middleware: Their Synergistic Relationships}},
year = {2010},
pages = {1--11},
month = oct
}

@article{Anonymous:kokFp-k9,
title = {{Autonomic Computing: An Overview}},
year = {2010},
pages = {1--13},
month = sep
}

@article{UslAnder:2010hu,
author = {UslAnder, Thomas and Jacques, Patrick and Simonis, Ingo and Watson, Kym},
title = {{Environmental Modelling {\&} Software}},
journal = {Environmental Modelling and Software},
year = {2010},
volume = {25},
number = {9},
pages = {977--987},
month = sep
}

@article{Hubalovsky:2010,
author = {Hubalovsky, S and Milkov{\'a}, Eva and Prazak, Pavel},
title = {{Modeling of a Real Situation As a Method of the Algorithmic Thinking Development and Recursively Given Sequences}},
journal = {WSEAS Transactions on Information Science and Applications},
year = {2010},
volume = {7},
number = {8},
pages = {1090--1100},
month = aug
}

@article{Anonymous:RcZ4eZRs,
title = {{Notification Programming Topics}},
year = {2010},
pages = {1--26},
month = jun
}

@article{Anonymous:BYceXZrt,
title = {{!"{\#}$%{\&}'$( (((}},
year = {2010},
pages = {1--136},
month = jun
}

@article{Anonymous:a8W11Ic6,
title = {{Structured Decomposition of Adaptive Applications}},
year = {2010},
pages = {1--10},
month = jun
}

@article{Developer:2010p4163,
author = {Developer, Apple},
title = {{Notifications}},
journal = {Apple Developer},
year = {2010},
pages = {1--26},
month = jun
}

@article{Atzori:2010hi,
author = {Atzori, Luigi and Iera, Antonio and Morabito, Giacomo},
title = {{The Internet of Things: A survey}},
journal = {COMPUTER NETWORKS},
year = {2010},
pages = {1--19},
month = may
}

@article{Anonymous:0eJzojvr,
title = {{Self-star Properties in Complex Information Systems 2005 Robertson}},
year = {2010},
pages = {1--6},
month = may
}

@article{Anonymous:nY47_yQd,
title = {{Awareness and Adap+vity Requirements}},
year = {2010},
pages = {1--33},
month = may
}

@article{Anonymous:eI_dNRwv,
title = {{The Golden Age of Software Architecture: A Comprehensive Survey}},
year = {2010},
pages = {1--14},
month = apr
}

@article{Anonymous:j9uGwWBF,
title = {{Microsoft Word - 33 p59.doc}},
year = {2010},
pages = {1--4},
month = apr
}

@article{Anonymous:1vhM1swn,
title = {{caise10-gg-fa-xf-op-def}},
year = {2010},
pages = {1--16},
month = apr
}

@article{Anonymous:jj6y3xpT,
title = {{!"{\#}$%{\&}'{\&}%()*+,+'-.-$,'{\&}/)0(+,{\#}-.) 1/,$','-"+)"2)3"2'4,5{\&}))}},
year = {2010},
pages = {1--202},
month = apr
}

@article{AlZaidiyeen:2010ez,
author = {Al-Zaidiyeen, Naser Jamil and Mei, Leong Lai and Fook, Fong Soon},
title = {{Teachers{\textquoteright} Attitudes and Levels of Technology Use in Classrooms: The Case of Jordan Schools}},
journal = {International Education Studies},
year = {2010},
volume = {3},
number = {2},
pages = {211},
month = apr
}

@techreport{Anonymous:HfrORyRD,
title = {{ }},
year = {2010},
month = mar
}

@techreport{Anonymous:RQDhhFvv,
title = {{ }},
year = {2010},
month = mar
}

@article{Anonymous:4qqE2VUr,
title = {{Programme Design}},
year = {2010},
pages = {1--10},
month = mar
}

@article{Anonymous:W4aHqtgi,
title = {{The Dynamic Factory Pattern}},
year = {2010},
pages = {1--15},
month = mar
}

@article{Anonymous:8oH0U01d,
title = {{CAMidO, A Context-Aware Middleware based on Ontology meta-model}},
year = {2010},
pages = {1--10},
month = mar
}

@article{Anonymous:fsaSSbt3,
title = {{An architecture for supporting Development and Execution of Context-Aware Component applications}},
year = {2010},
pages = {1--10},
month = mar
}

@article{Anonymous:H-Zp9Msn,
title = {{PrimitiveC-ADL: Primitive Component Architecture Description Language}},
year = {2010},
pages = {1--8},
month = mar
}

@article{Anonymous:LeAJZ7xS,
title = {{Software Development Method for Adaptive Applications in Ubiquitous Computing Environments (initial version)}},
year = {2010},
pages = {1--89},
month = mar
}

@article{DavideDiRuscio:2010vp,
author = {Davide Di Ruscio, Ivano Malavolta Henry Muccini Patrizio Pelliccione Alfonso Pierantonio},
title = {{Developing next generation ADLs through MDE techniques}},
year = {2010},
pages = {1--10},
month = feb
}

@article{Anonymous:G6JHQBgm,
title = {{A Component Framework for Context-Awareness}},
year = {2010},
pages = {1--6},
month = feb
}

@article{Hwang:2010gg,
author = {Hwang, Gwo-Jen and Kuo, Fan-Ray and Yin, Peng-Yeng and Chuang, Kuo-Hsien},
title = {{A Heuristic Algorithm for planning personalized learning paths for context-aware ubiquitous learning}},
journal = {Computers {\&} Education},
year = {2010},
volume = {54},
number = {2},
pages = {404--415},
month = feb
}

@article{Mitchell:2010et,
author = {Mitchell, Phillipa and Forer, Pip},
title = {{Blended Learning: The Perceptions of First-year Geography Students}},
journal = {Journal of Geography in Higher Education},
year = {2010},
volume = {34},
number = {1},
pages = {77--89},
month = feb
}

@article{Anonymous:EioXXGTV,
title = {{Object-oriented System Decomposition Quality}},
year = {2010},
pages = {1--6},
month = jan
}

@article{Acus:2010p3899,
author = {Acus, David},
title = {{C2Mproceeding_6}},
year = {2010},
pages = {1--38},
month = jan
}

@article{Baeten:2010ed,
author = {Baeten, Marlies and Kyndt, Eva and Struyven, Katrien and Dochy, Filip},
title = {{Using student-centred learning environments to stimulate deep approaches to learning: Factors encouraging or discouraging their effectiveness}},
journal = {Educational Research Review},
year = {2010},
volume = {5},
number = {3},
pages = {243--260},
month = jan
}

@article{phua2010comprehensive,
author = {Phua, Clifton and Lee, Vincent and Smith, Kate and Gayler, Ross},
title = {{A comprehensive survey of data mining-based fraud detection research}},
journal = {arXiv preprint arXiv:1009.6119},
year = {2010}
}

@booklet{Buck:2010p4162,
title = {{Cocoa design patterns}},
author = {Buck, E M and Yacktman, D A},
year = {2010}
}

@article{Kim:2010p3908,
author = {Kim, J S and Garlan, D},
title = {{Analyzing architectural styles}},
journal = {Journal of Systems and Software},
year = {2010}
}

@article{Paspallis:2010p574,
author = {Paspallis, N},
title = {{Software Engineering Support for the Development of Context-aware, Adaptive Applications for Mobile \ldots}},
journal = {nearchos.googlepages.com},
year = {2010}
}

@article{Vajda:2010p3747,
author = {Vajda, A and Stenstrom, P},
title = {{Semantic information based speculative parallel execution}},
year = {2010}
}

@article{ziabaryhlmt,
author = {Ziabary, SM Mohammadzadeh and Khadivi, Shahram},
title = {{HLMT: Human-Like Machine Translation Inspired by Bilinguals' Cortex Activity and Translation Behavior}},
year = {2010}
}

@article{Bencomo:2010p3675,
author = {Bencomo, N and Whittle, J and Sawyer, P and Finkelstein, A and Letier, E},
title = {{Requirements reflection: requirements as runtime entities}},
journal = {Proceedings of the 32nd ACM/IEEE International Conference on Software Engineering-Volume 2},
year = {2010},
pages = {199--202}
}

@article{hawkins2010hierarchical,
author = {Hawkins, Jeff and Ahmad, Subutai and Dubinsky, Donna},
title = {{Hierarchical temporal memory including HTM cortical learning algorithms}},
journal = {Techical report, Numenta, Inc, Palto Alto http://www. numenta. com/htmoverview/education/HTM_CorticalLearningAlgorithms. pdf},
year = {2010}
}

@article{arel2010deep,
author = {Arel, Itamar and Rose, Derek C and Karnowski, Thomas P},
title = {{Deep machine learning-a new frontier in artificial intelligence research [research frontier]}},
journal = {IEEE computational intelligence magazine},
year = {2010},
volume = {5},
number = {4},
pages = {13--18}
}

@phdthesis{Achilleas:2010p4154,
author = {{Achilleas}},
title = {{Model-Driven Petri Net based Framework for Pervasive Service Creation}},
school = {University of Essex},
year = {2010}
}

@article{DiRuscio:2010p3921,
author = {Di Ruscio, D and Malavolta, I and Muccini, H and Pelliccione, P and Pierantonio, A},
title = {{ByADL: An MDE Framework for Building Extensible Architecture Description Languages}},
journal = {Software Architecture},
year = {2010},
pages = {527--531}
}

@techreport{OMG:2008,
author = {Group, Object Management},
title = {{Software {\&} Systems Process Engineering Meta-Model Specification}},
year = {2010}
}

@article{Anonymous:aqLV2u4a,
title = {{MODELS@ RUN.TIME}},
year = {2009},
pages = {1--6},
month = oct
}

@article{Anonymous:fgs0VY3_,
title = {{A Concern-Specific Metrics Collection Tool}},
year = {2009},
pages = {1--6},
month = oct
}

@article{pmurtagh:2009wz,
author = {{pmurtagh}},
title = {{CONTEXT AWARENESS AND MODELING IN SELF-ADAPTIVE GEO-INFORMATION VISUALIZATION}},
year = {2009},
pages = {1--13},
month = oct
}

@article{Anonymous:ElyU0Pm4,
title = {{Trustworthiness Evaluation and Testing of Open Source Components}},
year = {2009},
pages = {1--6},
month = sep
}

@article{Anonymous:0vnupPgb,
title = {{An Evaluation of the State of the Art in Context-aware Architectures}},
year = {2009},
pages = {1--12},
month = sep
}

@article{Raheja:2009p3909,
author = {Raheja, Rahul},
title = {{Microsoft Word - SOAR camera ready pape final.docx}},
year = {2009},
pages = {1--8},
month = sep
}

@article{Anonymous:J-IWqVDx,
title = {{PCOMs: A Component Model for Building Context-Dependent Applications}},
year = {2009},
pages = {1--5},
month = aug
}

@misc{Anonymous:ziadUXlH,
title = {{00137.dvi}},
month = jul,
year = {2009}
}

@misc{Anonymous:DKS1QFHF,
title = {{00137.dvi}},
month = jul,
year = {2009}
}

@article{Anonymous:hv5pasrp,
title = {{QoS-AwareSoftware Components}},
year = {2009},
pages = {1--3},
month = jul
}

@article{Anonymous:cjaotQlD,
title = {{Deployment of Context-Aware Component-Based Applications Based on Middleware}},
year = {2009},
pages = {1--11},
month = jul
}

@misc{Anonymous:_8W9xRJ9,
title = {{fractal-specification.dvi}},
month = jul,
year = {2009}
}

@article{Anonymous:VNIgVg8b,
title = {{apsec 2000 Chusho}},
year = {2009},
pages = {1--5},
month = jul
}

@article{Sindico:2009p3479,
author = {Sindico, Andrea and Grassi, Vincenzo},
title = {{Model driven development of context aware software systems}},
journal = {COP '09: International Workshop on Context-Oriented Programming},
year = {2009},
month = jul
}

@article{Author:2009p3823,
author = {{Author}},
title = {{Title}},
year = {2009},
pages = {1--19},
month = jun
}

@article{Author:2009p3823,
author = {{Author}},
title = {{Title}},
year = {2009},
pages = {1--19},
month = jun
}

@article{Martin:2009ww,
author = {{Martin}},
title = {{Primitive Components: Towards more flexible Black Box AOP}},
year = {2009},
pages = {1--7},
month = may
}

@article{Administrator:2009vb,
author = {{Administrator}},
title = {{Model Driven Development of Context Aware Software Systems}},
year = {2009},
pages = {1--5},
month = may
}

@article{Anonymous:1riRn7Xp,
title = {{Composing Components and Services Using a Planning-Based Adaptation Middleware}},
year = {2009},
pages = {1--16},
month = may
}

@article{Anonymous:0fheft5C,
title = {{Exploiting a Generic Approach for Constructing Mobile Device Applications}},
year = {2009},
pages = {1--12},
month = may
}

@article{Hussmann:2009td,
author = {Hussmann, Florence Balagtas-Fernandez and Heinrich},
title = {{Evaluation of User-Interfaces for Mobile Application Development Environments}},
year = {2009},
pages = {1--10},
month = may
}

@article{Hong:2009kz,
author = {Hong, Jong-yi and Suh, Eui-ho and Kim, Sung-Jin},
title = {{Expert Systems with Applications}},
journal = {Expert Systems With Applications},
year = {2009},
volume = {36},
number = {4},
pages = {8509--8522},
month = may
}

@article{Salehie:2009p3693,
author = {Salehie, Mazeiar and Tahvildari, Ladan},
title = {{Self-adaptive software: Landscape and research challenges}},
journal = {Transactions on Autonomous and Adaptive Systems (TAAS},
year = {2009},
volume = {4},
number = {2},
month = may,
annote = {Self * properties Fig1 . shows that context-awarness is the primitive level in the self * propertues hierarchy Adaptation loop is found in any self-adptive system . Sensors and effectores Taxanomy of self-adaptation figure 3 Candidate calims: 1. In term of artifact and Granularity we have fine grained apprakc . 2. is it not enough to have parameter type of adaptation 3. Table II in which senario we need string adaptation 4. fine-grained adaptation 5. hierarchical Layered Queue for tuning parameter. mighte be used with contradicted layer , or cascaded layer activation. 6. we have to use utility function 7. from Tavle VI we conclue no body is supporting interoperability of self-adaptive elements. definition is needed 8. Self-tesing and assurance . 9. Evaluation and quality adaptation . 10. How wuality adaptation is supporting quality of adaptation . 11. the relation between self-* and priority, conflict. 12. multi objective decision making problems. dealing with uncertainiey and incompletence if events}
}

@article{Smartlab:2009p3316,
author = {{Smartlab}},
title = {{Microsoft Word - ComsWare-09-An-application-aware-approach-to-efficient-power.doc}},
year = {2009},
pages = {1--10},
month = may
}

@article{Hurwitz:2009uz,
author = {Hurwitz, Judith and Bloor, Robin and Kaufman, Marcia and Halper, Dr Fern},
title = {{ Service Oriented Architecture For Dummies, 2nd IBM Limited Edition}},
year = {2009},
pages = {1--76},
month = apr
}

@article{Matevska:2009te,
author = {Matevska, Jasminka},
title = {{Model-based runtime reconfiguration of component-based systems}},
journal = {WUP '09: Proceedings of the Warm Up Workshop for ACM/IEEE ICSE 2010},
year = {2009},
month = apr
}

@article{Anonymous:11er0zBw,
title = {{NASA Study on Flight Software Complexity}},
year = {2009},
pages = {1--264},
month = mar
}

@article{Yang:2009p4071,
author = {Yang, Jie and Huang, Gang and Zhu, Wenhui and Cui, Xiaofeng and Mei, Hong},
title = {{Quality attribute tradeoff through adaptive architectures at runtime}},
journal = {The Journal of Systems {\&} Software},
year = {2009},
volume = {82},
number = {2},
pages = {319--332},
month = feb
}

@article{Anonymous:oUt-YhM5,
title = {{!"{\#}$%{\&}'()*+,-+(('-+,)!.//"'$){\#}"')$0()1(2(3"/4(+$)"{\#}) 5"+$(6$7{\&}%{\&}'(8)9:{\&}/$-2()9//3-;{\&}$-"+<){\#}"')=">-3(){\&}+:) ?>-@.-$".<)5"4/.$-+,)*+2-'"+4(+$<)}},
year = {2009},
pages = {1--10},
month = jan
}

@article{Anonymous:h6huzB8E,
title = {{Aspect-Oriented Model-Driven Development for Mobile Context-Aware Computing}},
year = {2009},
pages = {1--5},
month = jan
}

@article{Anonymous:ThtLMqte,
title = {{Multi-layer coordinated adaptation based on graph refinement for cooperative activities}},
year = {2009},
pages = {1--5},
month = jan
}

@article{lents2009web,
author = {Lents, Nathan H and Cifuentes, Oscar E},
title = {{Web-based learning enhancements: Video lectures through voice-over PowerPoint in a majors-level biology course}},
journal = {Journal of College Science Teaching},
year = {2009},
volume = {39},
number = {2},
pages = {38}
}

@article{Andersson:2009p3911,
author = {Andersson, J and de Lemos, R and Malek, S and Weyns, D},
title = {{Reflecting on self-adaptive software systems}},
journal = {Software Engineering for Adaptive and Self-Managing Systems, 2009. SEAMS'09. ICSE Workshop on},
year = {2009},
pages = {38--47}
}

@article{Awang:2009p3924,
author = {Awang, N H and Kadir, W and Shahibuddin, S},
title = {{Comparative Evaluation of the State-of-the Art on Approaches to Software Adaptation}},
journal = {Software Engineering Advances, 2009. ICSEA'09. Fourth International Conference on},
year = {2009},
pages = {425--430}
}

@article{Krakowiak:2009p3744,
author = {Krakowiak, S},
title = {{Middleware Architecture with Patterns and Frameworks}},
year = {2009}
}

@article{Cheng:2009p3763,
author = {Cheng, B and de Lemos, R and Giese, H and Inverardi, P and Magee, J and Andersson, J and Becker, B and Bencomo, N and Brun, Y and Cukic, B},
title = {{Software engineering for self-adaptive systems: A research roadmap}},
journal = {Software Engineering for Self-Adaptive Systems},
year = {2009},
pages = {1--26}
}

@article{perea2009application,
author = {Perea, Alberto J and Mero{\~n}o, Jos{\'e} E and Aguilera, Mar{\'\i}a J},
title = {{Application of Numenta{\textregistered} Hierarchical Temporal Memory for land-use classification}},
journal = {South African Journal of Science},
year = {2009},
volume = {105},
number = {9-10},
pages = {370--375}
}

@article{perea2009application,
author = {Perea, Alberto J and Mero{\~n}o, Jos{\'e} E and Aguilera, Mar{\'\i}a J},
title = {{Application of Numenta{\textregistered} Hierarchical Temporal Memory for land-use classification}},
journal = {South African Journal of Science},
year = {2009},
volume = {105},
number = {9-10},
pages = {370--375}
}

@article{Amundsen:2009p3745,
author = {Amundsen, S L and Eliassen, F and Aagedal, J {\O}},
title = {{QoS-aware Mobile Middleware--A Survey}},
year = {2009}
}

@article{Hirschfeld:2009p3543,
author = {Hirschfeld, MAR and Masuhara, H},
title = {{Improving the Development of Context-dependent Java Applications with ContextJ}},
year = {2009}
}

@article{Mishra:2009p3734,
author = {Mishra, A and Misra, A K},
title = {{Component assessment and proactive model for support of dynamic integration in self adaptive system}},
journal = {ACM SIGSOFT Software Engineering Notes},
year = {2009},
volume = {34},
number = {4},
pages = {1--9}
}

 
@inproceedings{Cheng:2009p3902,
  title={Evaluating the effectiveness of the rainbow self-adaptive system},
  author={Cheng, Shang-Wen and Garlan, David and Schmerl, Bradley},
  booktitle={Software Engineering for Adaptive and Self-Managing Systems, 2009. SEAMS'09. ICSE Workshop on},
  pages={132--141},
  year={2009},
  organization={IEEE}
}

@article{Paspallis:2009p3570,
author = {Paspallis, N},
title = {{Middleware-based development of context-aware applications with reusable components}},
journal = {University of Cyprus},
year = {2009}
}

@article{van2009continuous,
author = {van Hoorn, Andr{\'e} and Rohr, Matthias and Hasselbring, Wilhelm and Waller, Jan and Ehlers, Jens and Frey, S{\"o}ren and Kieselhorst, Dennis},
title = {{Continuous monitoring of software services: Design and application of the Kieker framework}},
year = {2009}
}

@inproceedings{Diermyre:2009ti,
author = {Diermyre, C and Blakesley, C},
title = {{Story-based teaching and learning: Practices and technologies}},
booktitle = {25th Annual Conference on Distance Teaching Learning},
year = {2009}
}

@article{Kapitsaki:2009p3694,
author = {Kapitsaki, G M and Prezerakos, G N and Tselikas, N D and Venieris, I S},
title = {{Context-aware service engineering: A survey}},
journal = {Journal of Systems and Software},
year = {2009},
volume = {82},
number = {8},
pages = {1285--1297}
}

@article{conference:2008tg,
author = {{conference}},
title = {{A Classification for Content Adaptation System}},
year = {2008},
pages = {1--4},
month = dec
}

@article{Chen:2008gg,
author = {Chen, Chih-Ming},
title = {{Intelligent web-based learning system with personalized learning path guidance}},
journal = {Computers {\&} Education},
year = {2008},
volume = {51},
number = {2},
pages = {787--814},
month = sep
}

@article{Rose:2008tc,
author = {{Rose}},
title = {{Understandability Measurement in an Early Usability Evaluation for Model-Driven Development:An Empirical Study}},
year = {2008},
pages = {1--3},
month = jul
}

@article{Anonymous:uEdRuHMY,
title = {{Software Engineering for Self-Adaptive Systems}},
year = {2008},
pages = {1--19},
month = may
}

@article{Author:2008ve,
author = {{Author}},
title = {{A Comprehensive Context Modeling Framework for Pervasive Computing Systems}},
year = {2008},
pages = {1--15},
month = apr
}

@article{Laprie:2008p3772,
author = {Laprie, J C},
title = {{JCL-DSN2008}},
year = {2008},
pages = {1--2},
month = apr
}

@article{Anonymous:M_m_XUJz,
title = {{Design and Development of a Context Oriented Language for Middleware Based Applications}},
year = {2008},
pages = {1--5},
month = mar
}

@article{Demeyer:2008ue,
author = {Demeyer, Serge},
title = {{Context-Oriented Programming: Beyond Layers}},
year = {2008},
pages = {1--14},
month = mar
}

@article{Adrian:2008wn,
author = {{Adrian}},
title = {{Colored Graph Transformation Rules for Model-Driven Engineering of Multi-Target Systems}},
year = {2008},
pages = {1--8},
month = mar
}

@article{Amundsen:2008p209,
author = {Amundsen, Sten L and Eliassen, Frank},
title = {{A resource and context model for mobile middleware}},
journal = {Pers Ubiquit Comput},
year = {2008},
volume = {12},
number = {2},
pages = {143--153},
month = mar
}

@article{Taylor:2008vs,
author = {Taylor, Richard N},
title = {{Runtime Software Adaptation: Framework, Approaches, and Styles}},
year = {2008},
pages = {1--11},
month = feb
}

@article{WU:2008hq,
author = {WU, S and CHANG, C and HO, S and CHAO, H},
title = {{Rule-based intelligent adaptation in mobile information systems}},
journal = {Expert Systems With Applications},
year = {2008},
volume = {34},
number = {2},
pages = {1078--1092},
month = feb
}

@article{Iaz:2008p3828,
author = {{Iaz}},
title = {{article-03-ramsin.tex}},
year = {2008},
pages = {1--89},
month = feb
}

@article{Ayed:2008p481,
author = {Ayed, D and Taconet, C and Bernard, G and Berbers, Y},
title = {{CADeComp: Context-aware deployment of component-based applications}},
journal = {Journal of Network and Computer Applications},
year = {2008},
month = jan
}

@article{Anonymous:2008p214,
title = {{MADAM-API-v2.0.1}},
year = {2008},
pages = {41},
month = jan
}
 
@article{Hirschfeld:2008p1620,
  title={Context-oriented programming},
  author={Hirschfeld, Robert and Costanza, Pascal and Nierstrasz, Oscar Marius},
  journal={Journal of Object technology},
  volume={7},
  number={3},
  pages={125--151},
  year={2008},
  publisher={AITO}
}
@article{Calic:2008p3829,
author = {Calic, T and Dascalu, S and Egbert, D},
title = {{Tools for MDA Software Development: Evaluation Criteria and Set of Desirable Features}},
journal = {Fifth International Conference on Information Technology: New Generations},
year = {2008},
pages = {44--50}
}

@book{grace2008inclusion,
author = {Grace, Sue and Gravestock, Phil},
title = {{Inclusion and diversity: Meeting the needs of all students}},
publisher = {Routledge},
year = {2008}
}

@article{Roy:2008p3465,
author = {Roy, B and Graham, TCN},
title = {{Methods for Evaluating Software Architecture: A Survey}},
journal = {School of Computing TR},
year = {2008},
volume = {545},
pages = {82}
}

@article{Boehm:2008p4159,
author = {Boehm, B and Abts, C and Brown, A W and Chulani, S and Clark, B K and Horowitz, E and Madachy, R and Reifer, D J and Steece, B},
title = {{Cost estimation with COCOMO II}},
year = {2008}
}

@article{Driver:2008p3405,
author = {Driver, C and Clarke, S},
title = {{An application framework for mobile, context-aware trails}},
journal = {Pervasive and Mobile Computing},
year = {2008},
volume = {4},
number = {5},
pages = {719--736}
}

@article{Coulson:2008p3762,
author = {Coulson, G and Blair, G and Grace, P and Taiani, F and Joolia, A and Lee, K and Ueyama, J and Sivaharan, T},
title = {{A generic component model for building systems software}},
journal = {ACM Transactions on Computer Systems (TOCS)},
year = {2008},
volume = {26},
number = {1},
pages = {1--42}
}

@article{Sama:2008p218,
author = {Sama, M and Rosenblum, D S and Wang, Z and Elbaum, S},
title = {{Multi-layer faults in the architectures of mobile, context-aware adaptive applications: a position paper}},
journal = {Proceedings of the 1st international workshop on Software architectures and mobility},
year = {2008},
pages = {47--49}
}

@article{MdFudzee:2008p3737,
author = {Fudzee, MF Md and Abawajy, J},
title = {{A classification for content adaptation system}},
journal = {Proceedings of the 10th International Conference on Information Integration and Web-based Applications {\&} Services},
year = {2008},
pages = {426--429}
}

@article{Cheng:2008p3708,
author = {Cheng, BHC and de Lemos, R and Giese, H and Inverardi, P and Magee, J and Malek, R M and M{\"u}ller, H and Park, S and Shaw, M and Tichy, M},
title = {{Software Engineering for Self-Adaptive Systems: A Research Road Map (Draft Version)}},
journal = {Dagstuhl Seminar Proc. 08031},
year = {2008}
}

@article{Reichle:2008p314,
author = {Reichle, R and Wagner, M and Khan, M U and Geihs, K and Lorenzo, J and Valla, M and Fra, C and Paspallis, N and Papadopoulos, G A},
title = {{A comprehensive context modeling framework for pervasive computing systems}},
journal = {Proceedings of the 8th IFIP WG 6.1 international conference on Distributed applications and interoperable systems},
year = {2008},
pages = {281--295}
}

@article{Broens:2008p3699,
author = {Broens, THF},
title = {{Dynamic context bindings: infrastructural support for context-aware applications}},
year = {2008}
}

@article{Rouvoy:2008p2786,
author = {Rouvoy, R and Eliassen, F and Floch, J and Hallsteinsen, S and Stav, E},
title = {{Composing components and services using a planning-based adaptation middleware}},
journal = {Software Composition},
year = {2008},
pages = {52--67}
}

@proceedings{1475997,
title = {{Flexible and Robust Run-Time Configuration for Self-Managing Systems}},
year = {2008},
organization = {Washington, DC, USA}
}

@article{Klein:2008td,
author = {Klein, C and Schmid, R and Leuxner, C and Sitou, W and Spanfelner, B},
title = {{A Survey of Context Adaptation in Autonomic Computing}},
journal = {Fourth International Conference on Autonomic and Autonomous Systems},
year = {2008},
pages = {106--111}
}

@article{Muntean:2008kr,
author = {Muntean, Cristina Hava},
title = {{Improving learner quality of experience by content adaptation based on network conditions.}},
journal = {Computers in Human Behavior},
year = {2008},
volume = {24},
number = {4},
pages = {1452--1472}
}

 
@inproceedings{Sama:2008p3765,
  title={Model-based fault detection in context-aware adaptive applications},
  author={Sama, Michele and Rosenblum, David S and Wang, Zhimin and Elbaum, Sebastian},
  booktitle={Proceedings of the 16th ACM SIGSOFT International Symposium on Foundations of software engineering},
  pages={261--271},
  year={2008},
  publisher={ACM}
}
@article{Anonymous:KW5xgWAb,
title = {{A Comprehensive Survey of Data Mining-based Fraud Detection Research}},
year = {2007},
pages = {1--14},
month = nov
}

@article{Anonymous:5f-vqdco,
title = {{Tools for a Model-driven Instrumentation for Monitoring}},
year = {2007},
pages = {1--15},
month = nov
}

@article{Anonymous:P-RHKCxn,
title = {{1993 Vestal}},
year = {2007},
pages = {1--10},
month = nov
}

@article{Anonymous:3ZSHTHjz,
title = {{Service-Oriented Computing: State of the Art and Research Challenges}},
year = {2007},
pages = {1--8},
month = oct
}

@article{Anonymous:9AdTrqEG,
title = {{Model Based Reactive Planning and Prediction for Autonomic Systems}},
year = {2007},
pages = {1--10},
month = oct
}

@article{XiaomingHu:2007ux,
author = {Xiaoming Hu, Yun Ding Nearchos Paspallis George A Papadopoulos Pyrros Bratskas Paolo Barone Alessandro Mamelli Yves Vanrompay and Yolande Berbers},
title = {{A Peer-to-Peer Based Infrastructure for Context Distribution in Mobile and Ubiquitous Environments}},
year = {2007},
pages = {1--4},
month = oct
}

@book{Bloxham:2007ve,
author = {Bloxham, Sue and Boyd, Pete},
title = {{Developing Effective Assessment In Higher Education: A Practical Guide}},
publisher = {McGraw-Hill Education (UK)},
year = {2007},
series = {A Practical Guide},
month = oct
}

@article{Patcha:2007hja,
author = {Patcha, Animesh and Park, Jung-Min},
title = {{An overview of anomaly detection techniques: Existing solutions and latest technological trends}},
journal = {COMPUTER NETWORKS},
year = {2007},
volume = {51},
number = {12},
pages = {3448--3470},
month = aug
}

@article{Anonymous:2007p3711,
title = {{Cover.dvi}},
year = {2007},
pages = {1--248},
month = aug
}

@article{Grassi:2007vf,
author = {Grassi, Vincenzo},
title = {{Towards Model Driven Design of Service-Based Context-Aware Applications}},
year = {2007},
pages = {1--6},
month = jun
}

@article{Anonymous:Sjso3MFi,
title = {{Unanticipated Partial Behavioral Reflection}},
year = {2007},
pages = {1--20},
month = apr
}

@article{Author:2007ur,
author = {{Author}},
title = {{Experiences from Developing a Distributed Context Management System for Enabling Adaptivity}},
year = {2007},
pages = {1--14},
month = apr
}

@book{Hawkins:2007fi,
author = {Hawkins, Jeff and Blakeslee, Sandra},
title = {{On Intelligence}},
publisher = {Macmillan},
year = {2007},
month = apr
}

@article{Forsyth:2007ve,
author = {Forsyth, Donelson R and Lawrence, Natalie K and Burnette, Jeni L and Baumeister, Roy F},
title = {{Attempting to Improve the Academic Performance of Struggling College Students by Bolstering Their Self{\textendash}esteem: An Intervention that Backfired}},
journal = {Journal of Social and Clinical Psychology},
year = {2007},
volume = {26},
number = {4},
pages = {447--459},
month = apr,
annote = {doi: 10.1521/jscp.2007.26.4.447}
}

@article{Anonymous:Pzqgr4it,
title = {{Addressing Components{\textquoteright} Evolvement and Execution Behavior to Measure Component-Based Software Reliability}},
year = {2007},
pages = {1--6},
month = mar
}

@article{Eaddy:2007tr,
author = {Eaddy, Marc},
title = {{Identifying, Assigning, and Quantifying Crosscutting Concerns}},
year = {2007},
pages = {1--6},
month = mar
}

@article{Pinto:2007p3321,
author = {Pinto, M and Fuentes, L},
title = {{AO-ADL: An ADL for describing aspect-oriented architectures}},
journal = {Lecture Notes in Computer Science},
year = {2007},
month = jan
}

@article{Palviainen:2007p234,
author = {Palviainen, M and tutkimuskeskus, V teknillinen},
title = {{[BOOK] Technique for Dynamic Composition of Content and Context-sensitive Mobile Applications}},
journal = {VTT Technical Research Centre of Finland},
year = {2007},
month = jan
}

@article{Palviainen:2007p2438,
author = {Palviainen, M and tutkimuskeskus, V teknillinen},
title = {{[BOOK] Technique for Dynamic Composition of Content and Context-sensitive Mobile Applications: Adaptive \ldots}},
journal = {VTT Technical Research Centre of Finland},
year = {2007},
month = jan
}

@article{DiZheng:2007p2862,
author = {Di Zheng, J and Jia, Y and Han, W and Zou, P},
title = {{Deployment of Context-Aware Component-Based Applications Based on Middleware}},
journal = {\ldots and Computing 4th International Conference},
year = {2007},
month = jan
}

@article{Lau:2007p353,
author = {Lau, K and Wang, Z},
title = {{Software component models}},
journal = {IEEE Transactions on Software Engineering},
year = {2007},
month = jan
}

@article{Alia:2007p2444,
author = {Alia, M and Eide, V and Paspallis, N and Eliassen, F},
title = {{A utility-based adaptivity model for mobile applications}},
journal = {21st International Conference on Advanced Information \ldots},
year = {2007},
month = jan
}

@article{Carton:2007p1466,
author = {Carton, A and Clarke, S and Senart, A and Cahill, V},
title = {{Aspect-Oriented Model-Driven Development for Mobile Context-Aware Computing}},
journal = {Proceedings of the 1st International Workshop on Software \ldots},
year = {2007},
month = jan
}

@article{Hu:2007p247,
author = {Hu, X and Ding, Y and Paspallis, N and Papadopoulos, G},
title = {{A Peer-to-Peer based Infrastructure for Context Distribution in Mobile and Ubiquitous Environments}},
journal = {Lecture Notes in Computer Science},
year = {2007},
month = jan
}

@article{Irshaid:2007p3730,
author = {Irshaid, N A},
title = {{AMBIENT-PRISMA: Ambients in Aspect-Oriented Software Architectures}},
year = {2007}
}

@article{Palvainen:2007p234,
author = {Palviainen, M},
title = {{Technique for dynamic composition of content and context-sensitive mobile applications}},
year = {2007}
}

@article{barbakh2007inverse,
author = {Barbakh, Wesam and Fyfe, Colin},
title = {{Inverse weighted clustering algorithm}},
journal = {Computing and Information Systems},
year = {2007},
volume = {11},
number = {2},
pages = {10}
}

@article{Papazoglou:2007p3822,
author = {Papazoglou, M P and Traverso, P and Dustdar, S and Leymann, F},
title = {{Service-oriented computing: State of the art and research challenges}},
journal = {Computer},
year = {2007},
volume = {40},
number = {11},
pages = {38--45}
}

@article{Prezerakos:2007p3774,
author = {Prezerakos, G N and Tselikas, N D and Cortese, G},
title = {{Model-driven composition of context-aware web services using ContextUML and aspects}},
journal = {Web Services, 2007. ICWS 2007. IEEE International Conference on},
year = {2007},
pages = {320--329}
}

@book{hawkins2007intelligence,
author = {Hawkins, Jeff and Blakeslee, Sandra},
title = {{On intelligence: How a new understanding of the brain will lead to the creation of truly intelligent machines}},
publisher = {Macmillan},
year = {2007}
}

@article{Baldauf:2007p3697,
author = {Baldauf, M and Dustdar, S and Rosenberg, F},
title = {{A survey on context-aware systems}},
journal = {International Journal of Ad Hoc and Ubiquitous Computing},
year = {2007},
volume = {2},
number = {4},
pages = {263--277}
}

@article{Geihs:2007p3509,
author = {Geihs, K},
title = {{Development of Self-Adaptive Services}},
journal = {Workshop HP-SUA},
year = {2007}
}

@article{CheungFooWo:2007p1692,
author = {Cheung-Foo-Wo, D and Tigli, J Y and Lavirotte, S and Riveill, M},
title = {{Self-adaptation of event-driven component-oriented middleware using aspects of assembly}},
journal = {Proceedings of the 5th international workshop on Middleware for pervasive and ad-hoc computing: held at the ACM/IFIP/USENIX 8th International Middleware Conference},
year = {2007},
pages = {31--36}
}

@article{Broens:2007p3698,
author = {Broens, T and Quartel, D and Van Sinderen, M},
title = {{Capturing context requirements}},
journal = {Smart Sensing and Context},
year = {2007},
pages = {223--238}
}

@article{Ayed:2006ta,
author = {Ayed, Dhouha and Berbers, Yolande},
title = {{UML profile for the design of a platform-independent context-aware applications}},
journal = {MODDM '06: Proceedings of the 1st workshop on MOdel Driven Development for Middleware (MODDM '06},
year = {2006},
month = nov
}

@article{Papadopoulos:2006wi,
author = {Papadopoulos, Nearchos Paspallis and George A},
title = {{Distributed Adaptation Reasoning for a Mobility and Adaptation Enabling Middleware}},
year = {2006},
pages = {1--2},
month = sep
}

@article{Schwieso:2006ht,
author = {Schwieso, J J},
title = {{Behavioural Approaches in Education: explanations in terms of science and in terms of personal justification}},
journal = {Educational Studies},
year = {2006},
volume = {15},
number = {2},
pages = {115--127},
month = aug
}

@article{Wood:2006js,
author = {Wood, Bill},
title = {{MATURE STUDENTS IN HIGHER EDUCATION}},
journal = {Assessment and Evaluation in Higher Education},
year = {2006},
volume = {8},
number = {3},
pages = {211--217},
month = jul
}

@article{Anonymous:fon8rkwx,
title = {{A Policy-Definition}},
year = {2006},
pages = {1--12},
month = jul
}

@article{khan:2006tx,
author = {{khan}},
title = {{Modeling of Component-Based Self-Adapting Context- Aware Applications for Mobile Devices}},
year = {2006},
pages = {1--12},
month = jul
}

@article{Anonymous:fsh4kAS5,
title = {{Context-Aware Aspects}},
year = {2006},
pages = {1--16},
month = jul
}

@article{Badard:2006ux,
author = {Badard, Dr Thierry},
title = {{Geospatial Service Oriented Architectures for Mobile Augmented Reality}},
year = {2006},
pages = {1--5},
month = jun
}

@article{ShumaoOu:2006ur,
author = {Shumao Ou, Nektarios Georgalas Manooch Azmoodeh Kun Yang and Xiantang Sun},
title = {{A Model Driven Integration Architecture for Ontology-Based Context Modelling and Context-Aware Application Development}},
year = {2006},
pages = {1--10},
month = may
}

@article{Anonymous:mrq5PHyh,
title = {{Self-Managing Software}},
year = {2006},
pages = {1--3},
month = feb
}

@article{Hinchey:2006p4076,
author = {Hinchey, M G and Sterritt, R},
title = {{Self-managing software}},
journal = {Computer},
year = {2006},
volume = {39},
number = {2},
pages = {107--109}
}

@article{Apel:2006p4030,
author = {Apel, S and Batory, D and Rosenm{\"u}ller, M},
title = {{On the Structure of Crosscutting Concerns: Using Aspects or Collaborations}},
journal = {GPCE Workshop on Aspect-Oriented Product Line Engineering (AOPLE)},
year = {2006}
}

@article{Floch:2006p3824,
author = {Floch, J and Hallsteinsen, S and Stav, E and Eliassen, F and Lund, K and Gjorven, E},
title = {{Using architecture models for runtime adaptability}},
journal = {Software, IEEE},
year = {2006},
volume = {23},
number = {2},
pages = {62--70}
}

@article{graham2006blended,
author = {Graham, Charles R},
title = {{Blended learning systems}},
journal = {The handbook of blended learning},
year = {2006},
pages = {3--21}
}

@booklet{Wojcik:2006p4069,
title = {{Attribute-Driven Design (ADD), Version 2.0}},
author = {Wojcik, R and Bachmann, F and Bass, L and Clements, P and Merson, P and Nord, R and Wood, B and INST, CARNEGIE-MELLON UNIV PITTSBURGH PA SOFTWARE ENGINEERING},
year = {2006}
}

@inproceedings{li2006lightweight,
author = {Li, Yang and Fang, Bin-Xing and Chen, You and Guo, Li},
title = {{A lightweight intrusion detection model based on feature selection and maximum entropy model}},
booktitle = {Communication Technology, 2006. ICCT'06. International Conference on},
year = {2006},
pages = {1--4},
organization = {IEEE}
}

@article{Laddaga:2006p3753,
author = {Laddaga, R},
title = {{Self adaptive software problems and projects}},
journal = {Software Evolvability, 2006. SE'06. Second International IEEE Workshop on},
year = {2006},
pages = {3--10}
}

@article{graham2006blended,
author = {Graham, Charles R},
title = {{Blended learning systems}},
journal = {The handbook of blended learning},
year = {2006},
pages = {3--21}
}

@article{freeman2006student,
author = {Freeman, Maisha Kelly and Schrimsher, Robert H and Kendrach, Michael G},
title = {{Student perceptions of online lectures and WebCT in an introductory drug information course}},
journal = {American journal of pharmaceutical education},
year = {2006},
volume = {70},
number = {6},
pages = {126}
}

@article{boud2006aligning,
author = {Boud, David and Falchikov, Nancy},
title = {{Aligning assessment with long-term learning}},
journal = {Assessment and Evaluation in Higher Education},
year = {2006},
volume = {31},
number = {4},
pages = {399--413}
}

@article{Bruneton:2006ei,
author = {Bruneton, Eric and Coupaye, Thierry and Leclercq, Matthieu and Qu{\'e}ma, Vivien and Stefani, Jean-Bernard},
title = {{The FRACTAL component model and its support in Java}},
journal = {Software: Practice and Experience},
year = {2006},
volume = {36},
number = {11-12},
pages = {1257--1284}
}

@article{Fujii:2006p2989,
author = {Fujii, K and Suda, T},
title = {{Semantics-based dynamic web service composition}},
journal = {International Journal of Cooperative Information Systems},
year = {2006},
volume = {15},
number = {3},
pages = {293--324}
}

@article{Redmond:2006p3620,
author = {Redmond, B and Cahill, V},
title = {{Supporting unanticipated dynamic adaptation of application behaviour}},
journal = {ECOOP 2002---Object-Oriented Programming},
year = {2006},
pages = {29--53}
}

@article{Morgan:2005wz,
author = {{Morgan}},
title = {{Conceptual Models}},
year = {2005},
pages = {1--8},
month = nov
}

 
@inproceedings{MariusMikalsen:2005ur,
  title={Distributed context management in a mobility and adaptation enabling middleware (madam)},
  author={Mikalsen, Marius and Paspallis, Nearchos and Floch, Jacqueline and Stav, Erlend and Papadopoulos, George A and Chimaris, Akis},
  booktitle={Proceedings of the 2006 ACM symposium on Applied computing},
  pages={733--734},
  year={2006},
  publisher={ACM}
}
@article{BenoitLanglois:2005wy,
author = {Benoit Langlois, Jean Barata Daniel Exertier},
title = {{Improving MDD Productivity with Software Factories}},
year = {2005},
pages = {1--8},
month = oct
}

@article{KurtGeihs:2005tb,
author = {Kurt Geihs, Mohammad Ullah Khan Roland Reichle Arnor Solberg Svein Hallsteinsen Simon Merral},
title = {{Modeling of Component-based Adaptive Distributed Applications}},
year = {2005},
pages = {1--5},
month = oct
}

@article{Trevor:2005ww,
author = {{Trevor}},
title = {{Using AspectJ to Build a Software Product Line for Mobile Devices}},
year = {2005},
pages = {1--73},
month = aug
}

@article{Anonymous:ri3Taqi5,
title = {{Position Paper: Model-Based Testing}},
year = {2005},
pages = {1--9},
month = aug
}

@article{Anonymous:ykqrkboR,
title = {{Liqiu MengAlexander ZipfTumasch Reichenbacher}},
year = {2005},
pages = {1--260},
month = aug
}

@article{Anonymous:Ua1UTV2O,
title = {{The 4th International Conference on Mobile Business (ICMB{\textquoteright}05) IEEE Computer Society. Sydney Australia 2003 Sheng}},
year = {2005},
pages = {1--7},
month = jul
}

@article{Anonymous:Shxjky_a,
title = {{Software Engineering Institute Carnegie Mellon University Pittsburgh PA  Barbacci}},
year = {2005},
pages = {1--23},
month = jul
}

@article{Anonymous:68Z30XiA,
title = {{Developing Context-Aware Pervasive Computing Applications: Models and Approach}},
year = {2005},
pages = {1--32},
month = jul
}

@article{Anonymous:3yJykWFP,
title = {{Towards an application framework for context-aware m-health applications}},
year = {2005},
pages = {1--7},
month = jul
}

@article{Anonymous:V7o7ewsj,
title = {{Specification and Dynamic Introduction of 3rd Party, Service-Specific Adaptation Policies for Mobile Applications}},
year = {2005},
pages = {1--17},
month = may
}

@article{Anonymous:d80IpABU,
title = {{A Programming Model for Mobile, Context-Aware Applications}},
year = {2005},
pages = {1--253},
month = may
}

@article{Pinto:2005hc,
author = {Pinto, M},
title = {{A Dynamic Component and Aspect-Oriented Platform}},
journal = {The Computer Journal},
year = {2005},
volume = {48},
number = {4},
pages = {401--420},
month = may
}

@article{Anonymous:cqUcfSN6,
title = {{A Comprehensive Approach for the Development of Modular Software Architecture Description Languages}},
year = {2005},
pages = {1--47},
month = apr
}

@article{Anonymous:StUe1sMt,
title = {{A Middleware Centric Approach to Building Self-adapting Systems}},
year = {2005},
pages = {1--16},
month = feb
}

@article{mcdonaldm:2005wk,
author = {{mcdonaldm}},
title = {{Jo{\"e}lle Coutaz, James L. Crowley, Simon Dobson,}},
year = {2005},
pages = {1--5},
month = jan
}

@article{Feisel:2005jr,
author = {Feisel, Lyle D and Rosa, Albert J},
title = {{The Role of the Laboratory in Undergraduate Engineering Education}},
journal = {Journal of Engineering Education},
year = {2005},
volume = {94},
number = {1},
pages = {121--130},
month = jan
}

@techreport{chari2005intrusion,
author = {Chari, Suresh and Cheng, Pau-Chen and Rao, Josyula and Rohatgi, Pankaj and Steiner, Michael},
title = {{Intrusion detection system}},
year = {2005},
month = 1{\textasciitilde}18,
annote = {US Patent App. 11/037,695}
}

@inproceedings{Costanza:2005kw,
author = {Costanza, Pascal and Hirschfeld, Robert},
title = {{Language constructs for context-oriented programming}},
booktitle = {the 2005 conference},
year = {2005},
pages = {1--10},
publisher = {ACM Press},
address = {New York, New York, USA}
}

@article{Belhanafi:2005p3475,
author = {Belhanafi, N and Taconet, C and Bernard, G},
title = {{CAMidO, A Context-Aware Middleware Based on Ontology Meta-Model}},
journal = {Workshop on Context Awareness for Proactive Systems},
year = {2005},
pages = {93--103}
}

@inproceedings{soule2005combining,
author = {Soule, Augustin and Salamatian, Kav{\'e} and Taft, Nina},
title = {{Combining filtering and statistical methods for anomaly detection}},
booktitle = {Proceedings of the 5th ACM SIGCOMM conference on Internet Measurement},
year = {2005},
pages = {31--31},
organization = {USENIX Association}
}

@book{erl2005service,
author = {Erl, Thomas},
title = {{Service-oriented architecture: concepts, technology, and design}},
publisher = {Pearson Education India},
year = {2005}
}

@booklet{ONeill:v8heOTtc,
title = {{http://scholar.google.com/scholar?q=related:yhvxWFIhsegJ:scholar.google.com/{\&}hl=en{\&}num=20{\&}as_sdt=0,5}},
author = {O'Neill, G and McMahon, T},
year = {2005}
}

@article{Costanza:2005p3933,
author = {Costanza, P and Hirschfeld, R},
title = {{Language constructs for context-oriented programming: an overview of ContextL}},
journal = {Proceedings of the 2005 symposium on Dynamic languages},
year = {2005},
pages = {1--10}
}

@article{Nicoara:2005p4049,
author = {Nicoara, A and Alonso, G},
title = {{Dynamic aop with prose}},
journal = {Proceedings of International Workshop on Adaptive and Self-Managing Enterprise Applications (ASMEA 2005)},
year = {2005}
}

@article{donnelly2005designing,
author = {Donnelly, Roisin and Fitzmaurice, Marian},
title = {{Designing modules for learning}},
year = {2005}
}

@article{Buckley:2005p3760,
author = {Buckley, J and Mens, T and Zenger, M and Rashid, A and Kniesel, G},
title = {{Towards a taxonomy of software change}},
journal = {Journal of Software Maintenance and Evolution: Research and Practice},
year = {2005},
volume = {17},
number = {5},
pages = {309--332}
}

@article{Parashar:2005p3756,
author = {Parashar, M and Hariri, S},
title = {{Autonomic computing: An overview}},
journal = {Unconventional Programming Paradigms},
year = {2005},
pages = {257--269}
}

@article{donnelly2005designing,
author = {Donnelly, Roisin and Fitzmaurice, Marian},
title = {{Designing modules for learning}},
year = {2005}
}

@article{o2005student,
author = {O{\textquoteright}Neill, Geraldine and McMahon, Tim},
title = {{Student-centred learning: What does it mean for students and lecturers}},
year = {2005}
}

@inproceedings{stibor2005comparative,
author = {Stibor, Thomas and Timmis, Jonathan and Eckert, Claudia},
title = {{A comparative study of real-valued negative selection to statistical anomaly detection techniques}},
booktitle = {ICARIS},
year = {2005},
pages = {262--275},
organization = {Springer}
}

@article{Anonymous:1wn4fXJ9,
title = {{PLASMA: A Component-based Framework for Building Self-Adaptive Multimedia Applications}},
year = {2004},
pages = {1--12},
month = dec
}

@article{Hall:2004et,
author = {Hall, Matthew and Ramsay, Alan and Raven, John},
title = {{Changing the learning environment to promote deep learning approaches in first-year accounting students}},
journal = {Accounting Education},
year = {2004},
volume = {13},
number = {4},
pages = {489--505},
month = dec
}

@article{coulsong:2004tc,
author = {{coulsong}},
title = {{A COMPONENT MODEL FOR BUILDING SYSTEMS SOFTWARE}},
year = {2004},
pages = {1--6},
month = aug
}

@article{Mayer:2004dy,
author = {Mayer, Kyle J and Argyres, Nicholas S},
title = {{Learning to Contract: Evidence from the Personal Computer Industry}},
journal = {Organization Science},
year = {2004},
volume = {15},
number = {4},
pages = {394--410},
month = aug
}

@article{CarlosECuesta:2004uf,
author = {Carlos E Cuesta, M Pilar Romay Pablo de la Fuente and Manuel Barrio-Sol{\'o}rzano},
title = {{Reflection-Based, Aspect-Oriented Software Architecture}},
year = {2004},
pages = {1--14},
month = may
}

@article{Garrison:2004gt,
author = {Garrison, D Randy and Kanuka, Heather},
title = {{Blended learning: Uncovering its transformative potential in higher education}},
journal = {The Internet and Higher Education},
year = {2004},
volume = {7},
number = {2},
pages = {95--105},
month = apr
}

@article{Anonymous:wzRZGTmy,
title = {{An Event-Based Architecture Definition Language}},
year = {2004},
pages = {1--18},
month = mar
}

@article{Anonymous:rHjG6-hJ,
title = {{Quantitative Analysis of Dynamic Reconfiguration Algorithms}},
year = {2004},
pages = {1--7},
month = mar
}

@article{Anonymous:UZ1votyB,
title = {{evalwati softwa}},
year = {2004},
pages = {1--7},
month = feb
}

@article{Eisenbach:2004p3761,
author = {Eisenbach, S},
title = {{Editorial: Unanticipated software evolution}},
journal = {IEE Proceedings-Software},
year = {2004},
month = jan
}

@article{Da:2004p3151,
author = {Da, T and Zhang, Q},
title = {{A middleware for building context-aware mobile services}},
journal = {2004 IEEE 59th Vehicular Technology Conference},
year = {2004},
month = jan
}

@article{Fahy:2004p3202,
author = {Fahy, P and Clarke, S},
title = {{CASS-middleware for mobile context-aware applications}},
journal = {Workshop on Context Awareness},
year = {2004},
month = jan
}

@article{McKinley:2004p228,
author = {McKinley, P and Sadjadi, S and Kasten, E and Cheng, B},
title = {{A Taxonomy of Compositional Adaptation}},
journal = {Rapport Technique num{\'e}roMSU-CSE-04-17},
year = {2004},
month = jan
}

@article{Tekinerdogan:2004p3564,
author = {Tekinerdogan, B},
title = {{ASAAM: Aspectual software architecture analysis method}},
journal = {WICSA 4th Working IEEE/IFIP Conference on Software Architecture},
year = {2004}
}

@article{Batory:2004p3729,
author = {Batory, D},
title = {{Feature-oriented programming and the AHEAD tool suite}},
journal = {Proceedings of the 26th international Conference on Software Engineering},
year = {2004},
pages = {702--703}
}

 
@inproceedings{Strang:2004p3770,
  title={A context modeling survey},
  author={Strang, Thomas and Linnhoff-Popien, Claudia},
  booktitle={Workshop on advanced context modelling, reasoning and management, UbiComp},
  volume={4},
  pages={34--41},
  year={2004}
}

@article{Becker:2004p2865,
author = {Becker, C and Handte, M and Schiele, G and Rothermel, K},
title = {{Pcom-a component system for pervasive computing}},
journal = {Proceedings of the 2nd International Conference on Pervasive Computing and Communications, Orlando, Florida},
year = {2004}
}

@article{Grimm:2004p4043,
author = {Grimm, R},
title = {{One. world: Experiences with a pervasive computing architecture}},
journal = {IEEE Pervasive Computing},
year = {2004},
pages = {22--30}
}

@article{Cuesta:2004p3925,
author = {Cuesta, C E and Romay, M P and de la Fuente, P and Barrio-Sol{\'o}rzano, M},
title = {{Reflection-Based, Aspect-Oriented Software Architecture}},
journal = {Software Architecture},
year = {2004},
pages = {43--56}
}

@article{mishra2004intrusion,
author = {Mishra, Amitabh and Nadkarni, Ketan and Patcha, Animesh},
title = {{Intrusion detection in wireless ad hoc networks}},
journal = {IEEE wireless communications},
year = {2004},
volume = {11},
number = {1},
pages = {48--60}
}

@article{Bradbury:2004p3926,
author = {Bradbury, J S and Cordy, J R and Dingel, J and Wermelinger, M},
title = {{A survey of self-management in dynamic software architecture specifications}},
journal = {Proceedings of the 1st ACM SIGSOFT workshop on Self-managed systems},
year = {2004},
pages = {28--33}
}

@article{Zhu:2004p4072,
author = {Zhu, Y and Huang, G and Mei, H},
title = {{Quality attribute scenario based architectural modeling for self-adaptation supported by architecture-based reflective middleware}},
journal = {Software Engineering Conference, 2004. 11th Asia-Pacific},
year = {2004},
pages = {2--9}
}

@article{McKinley:2004p3726,
author = {McKinley, P K and Sadjadi, S M and Kasten, E P and Cheng, BHC},
title = {{Composing adaptive software}},
journal = {Computer},
year = {2004},
volume = {37},
number = {7},
pages = {56--64}
}

@article{Lu:2004un,
author = {Lu, J},
title = {{Personalized e-learning material recommender system}},
journal = {International conference on information technology for {\ldots}},
year = {2004}
}

@article{Petzold:2004p3740,
author = {Petzold, J and Bagci, F and Trumler, W and Ungerer, T and Vintan, L},
title = {{Global state context prediction techniques applied to a smart office building}},
journal = {The Communication Networks and Distributed Systems Modeling and Simulation Conference, San Diego, CA, USA},
year = {2004}
}

@article{Coulson:2004p3743,
author = {Coulson, G and Blair, G and Grace, P and Joolia, A and Lee, K and Ueyama, J},
title = {{A component model for building systems software}},
journal = {Proc. IASTED Software Engineering and Applications (SEA'04)},
year = {2004}
}

@article{Colyer:2004p4031,
author = {Colyer, A and Rashid, A and Blair, G},
title = {{On the separation of concerns in program families}},
year = {2004}
}

@article{Garlan:2003ws,
author = {Garlan, David},
title = {{Formal Modeling and Analysis of Software Architecture: Components, Connectors, and Events}},
year = {2003},
pages = {1--24},
month = oct
}

@article{Anonymous:ILPigQxi,
title = {{Context-Oriented Programming}},
year = {2003},
pages = {1--8},
month = aug
}

@article{Anonymous:rJEhynWp,
title = {{Handbook for Software Cost Estimation}},
year = {2003},
pages = {1--63},
month = jun
}

@article{Anonymous:6kASeUWe,
title = {{Identifying Types of Extra-Functional Requirements in the Context of Business Process Support Systems}},
year = {2003},
pages = {1--5},
month = jun
}

@article{Anonymous:pBj2o_qB,
title = {{Software Engineering{\textemdash}ESEC'95 1995 Magee}},
year = {2003},
pages = {1--19},
month = apr
}

@article{Mayer:2003fd,
author = {Mayer, Richard E},
title = {{The promise of multimedia learning: using the same instructional design methods across different media}},
journal = {Learning and Instruction},
year = {2003},
volume = {13},
number = {2},
pages = {125--139},
month = apr
}

@article{Anonymous:N9rLw5AR,
title = {{Application Requirements for Middleware for Mobile and Pervasive Systems}},
year = {2003},
pages = {1--9},
month = mar
}

@article{Anonymous:r6zpvviY,
title = {{DIDS_NCSC_91}},
year = {2003},
pages = {1--11},
month = mar
}

@article{Anonymous:Mkdwg_-a,
title = {{The dawningof the autonomic computing era}},
year = {2003},
pages = {1--14},
month = jan
}

@article{Chen:2003p3153,
author = {Chen, H and Finin, T and Joshi, A},
title = {{An intelligent broker for context-aware systems}},
journal = {Adjunct proceedings of Ubicomp},
year = {2003},
month = jan
}

@article{Pinto:2003p3309,
author = {Pinto, M and Fuentes, L and Troya, J},
title = {{\ldots architecture description language for dynamic component and aspect-based development}},
journal = {Proceedings of the 2nd international conference on \ldots},
year = {2003},
month = jan
}

@article{Chuang:2003p211,
author = {Chuang, S and Chan, A and Cao, J and Cheung, R},
title = {{Dynamic service reconfiguration for wireless web access}},
journal = {Proceedings of the 12th international conference on World \ldots},
year = {2003},
month = jan
}

@book{bass:2003p36,
author = {Bass, Len and {Clements} and Kazman, Rick},
title = {{Software Architecture in Practice}},
publisher = {Addison-Wesley},
year = {2003}
}

@article{Buchholz:2003p3700,
author = {Buchholz, T and K{\"u}pper, A and Schiffers, M},
title = {{Quality of context: What it is and why we need it}},
journal = {Proceedings of the Workshop of the HP OpenView University Association},
year = {2003}
}

@article{Capra:2003p3471,
author = {Capra, L and Emmerich, W and Mascolo, C},
title = {{CARISMA: Context-aware reflective middleware system for mobile applications}},
journal = {IEEE Transactions on Software Engineering},
year = {2003},
volume = {29},
number = {10},
pages = {929--945}
}

@article{Bezivin:2003p3771,
author = {B{\'e}zivin, J and G{\'e}rard, S and Muller, P A and Rioux, L},
title = {{MDA components: Challenges and Opportunities}},
journal = {International Workshop on Metamodelling for MDA, Kings Manor, York, England, November},
year = {2003},
pages = {24--25}
}

@article{Belaramani:2003p3679,
author = {Belaramani, N M and Wang, C L and Lau, FCM},
title = {{Dynamic component composition for functionality adaptation in pervasive environments}},
journal = {Distributed Computing Systems, 2003. FTDCS 2003. Proceedings. The Ninth IEEE Workshop on Future Trends of},
year = {2003}
}

@article{Robins:2003ie,
author = {Robins, Anthony V and Rountree, Janet and Rountree, Nathan},
title = {{Learning and Teaching Programming - A Review and Discussion.}},
journal = {Computer Science Education},
year = {2003},
volume = {13},
number = {2},
pages = {137--172}
}

@inproceedings{kruegel2003anomaly,
author = {Kruegel, Christopher and Vigna, Giovanni},
title = {{Anomaly detection of web-based attacks}},
booktitle = {Proceedings of the 10th ACM conference on Computer and communications security},
year = {2003},
pages = {251--261},
publisher = {ACM}
}

@techreport{griffiths2003nmon,
author = {Griffiths, Nigel},
title = {{nmon performance: A free tool to analyze AIX and Linux performance}},
year = {2003}
}

@article{Selic:2003p3539,
author = {Selic, B},
title = {{The pragmatics of model-driven development}},
journal = {IEEE software},
year = {2003},
volume = {20},
number = {5},
pages = {19--25}
}

@article{Prekop:2003p3723,
author = {Prekop, P and Burnett, M},
title = {{Activities, context and ubiquitous computing}},
journal = {Computer Communications},
year = {2003},
volume = {26},
number = {11},
pages = {1168--1176}
}

@inproceedings{perrey2003service,
author = {Perrey, Randall and Lycett, Mark},
title = {{Service-oriented architecture}},
booktitle = {Applications and the Internet Workshops, 2003. Proceedings. 2003 Symposium on},
year = {2003},
pages = {116--119},
organization = {IEEE}
}

@book{Anonymous:2003vh,
title = {{Computer and Information Sciences - ISCIS 2003}},
publisher = {Springer Berlin Heidelberg},
year = {2003},
address = {Berlin, Heidelberg}
}

@article{lea2003higher,
author = {Lea, Susan J and Stephenson, David and Troy, Juliette},
title = {{Higher education students' attitudes to student-centred learning: beyond'educational bulimia'?}},
journal = {Studies in Higher Education},
year = {2003},
volume = {28},
number = {3},
pages = {321--334}
}

@article{Ganek:2003p4074,
author = {Ganek, A G and Corbi, T A},
title = {{The dawning of the autonomic computing era}},
journal = {IBM Systems Journal},
year = {2003},
volume = {42},
number = {1},
pages = {5--18}
}

@article{Keays:2003p3932,
author = {Keays, R and Rakotonirainy, A},
title = {{Context-oriented programming}},
journal = {Proceedings of the 3rd ACM international workshop on Data engineering for wireless and mobile access},
year = {2003},
pages = {9--16}
}

@incollection{Anonymous:0q_E6zrx,
author = {Ryu, Yeonseung},
title = {{Scheduling Mixed Traffic under Earliest-Deadline-First Algorithm}},
booktitle = {Computer and Information Sciences - ISCIS 2003},
year = {2003},
pages = {715--722},
publisher = {Springer Berlin Heidelberg},
address = {Berlin, Heidelberg}
}

@article{Capra:2003p3733,
author = {Capra, L},
title = {{Reflective mobile middleware for context-aware applications}},
year = {2003}
}

@article{Lu:2003p3746,
author = {Lu, J and Chen, H and Fu, R and Hsu, W C and Othmer, B and Yew, P C and Chen, D Y},
title = {{The performance of runtime data cache prefetching in a dynamic optimization system}},
journal = {Proceedings of the 36th annual IEEE/ACM International Symposium on Microarchitecture},
year = {2003},
pages = {180}
}

@article{Niemi:2002kw,
author = {Niemi, Hannele},
title = {{Active learning{\textemdash}a cultural change needed in teacher education and schools}},
journal = {Teaching and Teacher Education},
year = {2002},
volume = {18},
number = {7},
pages = {763--780},
month = oct
}

@article{Anonymous:IbcLP2dX,
title = {{Agile software development methods}},
year = {2002},
pages = {1--112},
month = sep
}

@article{Anonymous:Fi89mUID,
title = {{The Challenge of Mobile Devices for Human Computer Interaction}},
year = {2002},
pages = {1--2},
month = aug
}

@article{xx:2002wy,
author = {{xx}},
title = {{A Framework for the Computer Based Assessment of Diagram Based Coursework}},
year = {2002},
pages = {1--248},
month = aug
}

@article{Xx:2002p3900,
author = {{xx}},
title = {{CHAPTER 1}},
year = {2002},
pages = {1--248},
month = aug
}

@article{Xx:2002p3900,
author = {{xx}},
title = {{CHAPTER 1}},
year = {2002},
pages = {1--248},
month = aug
}

@article{Anonymous:Bn1EIZPB,
title = {{DESMET: A method for evaluating Software Engineering methods and tools}},
year = {2002},
pages = {1--54},
month = jul
}

@article{Anonymous:Tc4dJGiT,
title = {{{\textquoteleft}Composability{\textquoteright} of Middleware Services}},
year = {2002},
pages = {1--4},
month = may
}

@article{Anonymous:in0y9hLT,
title = {{Recursive and Dynamic Software Composition with Sharing}},
year = {2002},
pages = {1--8},
month = may
}

@article{GraceALewis:2002wq,
author = {Grace A Lewis, Santiago Comella-Dorda David P Gluch John Hudak Charles Weinstock},
title = {{Model-Based Verification: Analysis Guidelines}},
year = {2002},
pages = {1--43},
month = jan
}

@article{ANorman:2002p3830,
author = {Norman, Donald A},
title = {{The design of everyday things‎}},
year = {2002},
pages = {257},
month = jan
}

@article{Gervais:2002p3536,
author = {Gervais, M P},
title = {{Towards an MDA-oriented methodology}},
journal = {Proceedings of the 26 th Annual International Computer Software and Applications Conference (COMPSAC'02)},
year = {2002},
volume = {3},
pages = {4}
}

@book{loughran2002developing,
author = {Loughran, J John},
title = {{Developing reflective practice: Learning about teaching and learning through modelling}},
publisher = {Routledge},
year = {2002}
}

@article{Dobrica:2002p3563,
author = {Dobrica, L and Niemel{\"a}, E},
title = {{A survey on software architecture analysis methods}},
journal = {IEEE Transactions on Software Engineering},
year = {2002},
pages = {638--653}
}

@article{Noble:2002p3724,
author = {Noble, B},
title = {{System support for mobile, adaptive applications}},
journal = {Personal Communications, IEEE},
year = {2002},
volume = {7},
number = {1},
pages = {44--49}
}

@inproceedings{wagner2002mimicry,
author = {Wagner, David and Soto, Paolo},
title = {{Mimicry attacks on host-based intrusion detection systems}},
booktitle = {Proceedings of the 9th ACM Conference on Computer and Communications Security},
year = {2002},
pages = {255--264},
organization = {ACM}
}

@article{Hundhausen:2002jd,
author = {Hundhausen, Christopher D and Douglas, Sarah A and Stasko, John T},
title = {{A Meta-Study of Algorithm Visualization Effectiveness.}},
journal = {Journal of Visual Languages and Computing},
year = {2002},
volume = {13},
number = {3},
pages = {259--290}
}

@article{Kitchenham:2002p3826,
author = {Kitchenham, B and Linkman, S and Law, D},
title = {{DESMET: a methodology for evaluating software engineering methods and tools}},
journal = {Computing {\&} Control Engineering Journal},
year = {2002},
volume = {8},
number = {3},
pages = {120--126}
}

@article{Venkatasubramanian:2002p3728,
author = {Venkatasubramanian, N},
title = {{Safe'composability'of middleware services}},
journal = {Communications of the ACM},
year = {2002},
volume = {45},
number = {6},
pages = {49--52}
}

@article{staniford2002practical,
author = {Staniford, Stuart and Hoagland, James A and McAlerney, Joseph M},
title = {{Practical automated detection of stealthy portscans}},
journal = {Journal of Computer Security},
year = {2002},
volume = {10},
number = {1-2},
pages = {105--136}
}

@article{Roman:2002p3738,
author = {Rom{\'a}n, M and Hess, C and Cerqueira, R and Ranganathan, A and Campbell, R H and Nahrstedt, K},
title = {{Gaia: a middleware platform for active spaces}},
journal = {ACM SIGMOBILE Mobile Computing and Communications Review},
year = {2002},
volume = {6},
number = {4},
pages = {65--67}
}

@article{manikopoulos2002network,
author = {Manikopoulos, Constantine and Papavassiliou, Symeon},
title = {{Network intrusion and fault detection: a statistical anomaly approach}},
journal = {IEEE Communications Magazine},
year = {2002},
volume = {40},
number = {10},
pages = {76--82}
}

@article{Anonymous:qN8j6Pvg,
title = {{User-Adaptive Maps for Location-Based Services (LBS) for Tourism}},
year = {2001},
pages = {1--10},
month = oct
}

@article{Anonymous:B926D6v3,
title = {{An Architectural Approach to Autonomic Computing}},
year = {2001},
pages = {1--8},
month = jul
}

@article{Anonymous:AdKuNmkI,
title = {{Performance Comparison of Adaptation Approaches for Mobile Information System}},
year = {2001},
pages = {1--4},
month = jul
}

@article{Anonymous:MRh-2QYX,
title = {{The Koala ComponentModel for ConsumerElectronics Software}},
year = {2001},
pages = {1--8},
month = jul
}

@article{Anonymous:yY8w0BnP,
title = {{xADL: Enabling Architecture-Centric Tool Integration With XML}},
year = {2001},
pages = {1--9},
month = jul
}

@article{Anonymous:qnNeJ9Ti,
title = {{{\ldots} Software Systems.{\textquotedblright} Eighth European Workshop on {\ldots} 2001 Kaiser{\ldots}}},
year = {2001},
pages = {1--16},
month = mar
}

@article{Anonymous:tT-b0Yy8,
title = {{THE COMING AGE OF CALM TECHNOLOGY[1]}},
year = {2001},
pages = {1--4},
month = feb
}

@article{Valetto:2001p3725,
author = {Valetto, G and Kaiser, G and Kc, G},
title = {{A mobile agent approach to process-based dynamic adaptation of complex software systems}},
journal = {Software Process Technology},
year = {2001},
pages = {102--116}
}

@article{Popovici:2001p4048,
author = {Popovici, A and Gross, T and Alonso, G},
title = {{Dynamic homogenous AOP with PROSE}},
journal = {Switerland, Department of Computer Science, ETH Z{\"u}rich},
year = {2001}
}

@inproceedings{lee2001real,
author = {Lee, Wenke and Stolfo, Salvatore J and Chan, Philip K and Eskin, Eleazar and Fan, Wei and Miller, Matthew and Hershkop, Shlomo and Zhang, Junxin},
title = {{Real time data mining-based intrusion detection}},
booktitle = {DARPA Information Survivability Conference \{\&} Exposition II, 2001. DISCEX'01. Proceedings},
year = {2001},
pages = {89--100},
organization = {IEEE}
}

@techreport{horn:2001p3735,
author = {Horn, Paul},
title = {{Autonomic computing: IBM's Perspective on the State of Information Technology}},
year = {2001}
}

@article{Dowling:2001p2164,
author = {Dowling, J and Cahill, V},
title = {{The k-component architecture meta-model for self-adaptive software}},
journal = {Lecture Notes in Computer Science},
year = {2001},
pages = {81--88}
}

@article{Anonymous:GUz6gXfp,
title = {{Model Driven Architecture}},
year = {2000},
pages = {1--12},
month = nov
}

@article{Anonymous:DQHQtWcc,
title = {{Designing Computer Learning Environments for Engineering and Computer Science: The Scaffolded Knowledge Integration Framework}},
year = {2000},
pages = {1--36},
month = sep
}

@article{Anonymous:ypl3WVsk,
title = {{Automatic Configuration and Run-time Adaptation of Distributed Applications}},
year = {2000},
pages = {1--10},
month = jun
}

@article{Anonymous:JBz6athr,
title = {{The Design and Implementation of Hierarchical Software Systems With Reusable Components}},
year = {2000},
pages = {1--47},
month = may
}

@article{Taylor:2000p3313,
author = {Taylor, R and Medvidovic, N},
title = {{\ldots Classification and Comparison Framework for Software Architecture Description Languages}},
journal = {IEEE Trans. Software Engineer},
year = {2000},
month = jan
}

@article{herrington:2000,
author = {Herrington, Jan and Oliver, Ron},
title = {{An instructional design framework for authentic learning environments}},
journal = {Educational Technology Research and Development},
year = {2000},
volume = {48},
number = {3},
pages = {23--48}
}

@article{boud2000sustainable,
author = {Boud, David},
title = {{Sustainable assessment: rethinking assessment for the learning society}},
journal = {Studies in continuing education},
year = {2000},
volume = {22},
number = {2},
pages = {151--167}
}

@article{Kanerva:2000wi,
author = {Kanerva, Pentti and Kristofersson, Jan and Holst, Anders},
title = {{Random indexing of text samples for latent semantic analysis}},
year = {2000},
volume = {1036}
}

@article{Garlan:2000p3907,
author = {Garlan, D},
title = {{Software architecture: a roadmap}},
journal = {Proceedings of the Conference on the Future of Software Engineering},
year = {2000},
pages = {91--101}
}

@article{Chang:2000p3706,
author = {Chang, F and Karamcheti, V},
title = {{Automatic configuration and run-time adaptation of distributed applications}},
journal = {hpdc},
year = {2000},
pages = {11}
}

@article{yorke:2000,
author = {Yorke, Mantz},
title = {{The quality of the student experience: what can institutions learn from data relating to non-completion?}},
journal = {Quality in Higher education},
year = {2000},
volume = {6},
number = {1},
pages = {61--75}
}

@article{Anonymous:71OUSr65,
title = {{LEAD++: An Object-Oriented Reflective Language for Dynamically Adaptable Software Model}},
year = {1999},
pages = {1--8},
month = jul
}

@article{Anonymous:pEtZelc0,
title = {{Adapting Multimedia Internet Content for Universal Access}},
year = {1999},
pages = {1--35},
month = mar
}

@article{David:1999p3732,
author = {David, C and Levine, D and Schmidt, D and Middleware, R},
title = {{The Design and Performance of a Real-Time CORBA Scheduling Service}},
journal = {Citeseer},
year = {1999},
month = jan
}

@article{Medvidovic:1999p3927,
author = {Medvidovic, N},
title = {{Architecture-based specification-time software evolution/--by Nenad Medvidovic.}},
journal = {en.scientificcommons.org},
year = {1999},
month = jan
}

@article{Noble:1999p225,
author = {Noble, B and Satyanarayanan, M},
title = {{Experience with adaptive mobile applications in Odyssey}},
journal = {Mobile Networks and Applications},
year = {1999},
month = jan
}

@inproceedings{roesch1999snort,
author = {Roesch, Martin},
title = {{Snort: Lightweight intrusion detection for networks}},
booktitle = {Lisa},
year = {1999},
pages = {229--238}
}

@inproceedings{ghosh1999study,
author = {Ghosh, Anup K and Schwartzbard, Aaron},
title = {{A Study in Using Neural Networks for Anomaly and Misuse Detection.}},
booktitle = {USENIX security symposium},
year = {1999},
pages = {12}
}

@article{Oreizy:1999p3722,
author = {Oreizy, P and Gorlick, M M and Taylor, R N and Heimhigner, D and Johnson, G and Medvidovic, N and Quilici, A and Rosenblum, D S and Wolf, A L},
title = {{An architecture-based approach to self-adaptive software}},
journal = {Intelligent Systems and Their Applications, IEEE},
year = {1999},
volume = {14},
number = {3},
pages = {54--62}
}

@article{ruben1999simulations,
author = {Ruben, Brent D},
title = {{Simulations, games, and experience-based learning: The quest for a new paradigm for teaching and learning}},
journal = {Simulation \{\&} Gaming},
year = {1999},
volume = {30},
number = {4},
pages = {498--505}
}

@article{Amano:1999p1,
author = {Amano, N and Watanabe, T},
title = {{LEAD++: an object-oriented language based on a reflective model for dynamic software adaptation}},
journal = {Technology of Object-Oriented Languages and Systems, 1999. TOOLS 31. Proceedings},
year = {1999},
pages = {41--50}
}

@article{Schmidt:1999p3717,
author = {Schmidt, A and Beigl, M and Gellersen, H W},
title = {{There is more to context than location}},
journal = {Computers {\&} Graphics},
year = {1999},
volume = {23},
number = {6},
pages = {893--901}
}

@inproceedings{warrender1999detecting,
author = {Warrender, Christina and Forrest, Stephanie and Pearlmutter, Barak},
title = {{Detecting intrusions using system calls: Alternative data models}},
booktitle = { Proceedings of the 1999 IEEE Symposium on Security and Privacy},
year = {1999},
pages = {133--145},
organization = {IEEE}
}

@article{Kokar:1999p3751,
author = {Kokar, M M and Baclawski, K and Eracar, Y A},
title = {{Control theory-based foundations of self-controlling software}},
journal = {Intelligent Systems and Their Applications, IEEE},
year = {1999},
volume = {14},
number = {3},
pages = {37--45}
}

@inproceedings{lee1999data,
author = {Lee, Wenke and Stolfo, Salvatore J and Mok, Kui W},
title = {{A data mining framework for building intrusion detection models}},
booktitle = {Security and Privacy, 1999. Proceedings of the 1999 IEEE Symposium on},
year = {1999},
pages = {120--132},
organization = {IEEE}
}

@article{Medvidovic:1999p3915,
author = {Medvidovic, N and Rosenblum, D S and Taylor, R N},
title = {{A language and environment for architecture-based software development and evolution}},
journal = {Software Engineering, 1999. Proceedings of the 1999 International Conference on},
year = {1999},
pages = {44--53}
}

@article{Van:1998p3764,
author = {Van, F and Fickas, S and Van Lamsweerde, A and Ponsard, C},
title = {{Reconciling System Requirements and Runtime Behavior}},
journal = {en.scientificcommons.org},
year = {1998},
month = jan
}

@book{Blair:1998:ODP:551758,
author = {Blair, Gorden S and Stefani, Jean-Bernard},
title = {{Open Distributed Processing and Multimedia}},
publisher = {Addison-Wesley Longman Publishing Co., Inc.},
year = {1998},
address = {Boston, MA, USA}
}

@article{Kang:1998p4034,
author = {Kang, K C},
title = {{Feature-oriented development of applications for a domain}},
journal = {Software Reuse, 1998. Proceedings. Fifth International Conference on},
year = {1998},
pages = {354--355}
}

@article{Gassanenko:1998p3934,
author = {Gassanenko, M L},
title = {{Context-oriented programming}},
journal = {EuroForth'98},
year = {1998}
}

@article{kohavi1998confusion,
author = {Kohavi, R and Provost, F},
title = {{Confusion matrix}},
journal = {Machine learning},
year = {1998},
volume = {30},
number = {2-3},
pages = {271--274}
}

@inproceedings{qu1998statistical,
author = {Qu, Diheng and Vetter, Brian M and Wang, Feiyi and Narayan, Ravindar and Wu, Shyhtsun Felix and Hou, Y F and Gong, Fengmin and Sargor, Chandramouli},
title = {{Statistical anomaly detection for link-state routing protocols}},
booktitle = {Network Protocols, 1998. Proceedings. Sixth International Conference on},
year = {1998},
pages = {62--70},
organization = {IEEE}
}

@article{Loyall:1998p4180,
author = {Loyall, J and Bakken, D and Schantz, R and Zinky, J and Karr, D and Vanegas, R and Anderson, K},
title = {{QoS aspect languages and their runtime integration}},
journal = {Languages, Compilers, and Run-Time Systems for Scalable Computers},
year = {1998},
pages = {303--318}
}

@article{Laddaga:1997p3749,
author = {Laddaga, R and Robertson, P and Shrobe, H},
title = {{Introduction to self-adaptive software: Applications}},
journal = {Self-Adaptive Software: Applications},
year = {1997},
pages = {275--283}
}

@article{Garlan:1997p3916,
author = {Garlan, D and Monroe, R and Wile, D},
title = {{Acme: An architecture description interchange language}},
journal = {Proceedings of the 1997 conference of the Centre for Advanced Studies on Collaborative research},
year = {1997},
pages = {7}
}

@article{Noble:1997p3736,
author = {Noble, B D and Satyanarayanan, M and Narayanan, D and Tilton, J E and Flinn, J and Walker, K R},
title = {{Agile application-aware adaptation for mobility}},
journal = {ACM SIGOPS Operating Systems Review},
year = {1997},
volume = {31},
number = {5},
pages = {276--287}
}

@inproceedings{lee1997learning,
author = {Lee, Wenke and Stolfo, Salvatore J and Chan, Philip K},
title = {{Learning patterns from unix process execution traces for intrusion detection}},
booktitle = {AAAI Workshop on AI Approaches to Fraud Detection and Risk Management},
year = {1997},
pages = {50--56}
}

@article{fawcett1997adaptive,
author = {Fawcett, Tom and Provost, Foster},
title = {{Adaptive fraud detection}},
journal = {Data mining and knowledge discovery},
year = {1997},
volume = {1},
number = {3},
pages = {291--316}
}

@article{Park:1996td,
author = {Park, Robert E},
title = {{1996 Park}},
year = {1996},
pages = {1--242},
month = oct
}

@book{sans:2017,
author = {Clements, Paul C},
title = {{A Survey of Architecture Description Languages}},
publisher = {IEEE Computer Society},
year = {1996},
month = mar
}

@article{Clements:1996p3305,
author = {Clements, P},
title = {{A survey of architecture description languages}},
journal = {Proceedings of the 8th International Workshop on \ldots},
year = {1996},
month = jan
}

@article{Medvidovic:1996p3905,
author = {Medvidovic, N and Oreizy, P and Robbins, J E and Taylor, R N},
title = {{Using object-oriented typing to support architectural design in the C2 style}},
journal = {Proceedings of the 4th ACM SIGSOFT symposium on Foundations of software engineering},
year = {1996},
pages = {24--32}
}

@book{Shaw:1996:SAP:231003,
author = {Shaw, Mary and Garlan, David},
title = {{Software architecture: perspectives on an emerging discipline}},
publisher = {Prentice-Hall, Inc.},
year = {1996},
address = {Upper Saddle River, NJ, USA}
}

@article{Weiser:1996p3716,
author = {Weiser, M and Brown, J S},
title = {{The coming age of calm technology [1]}},
journal = {Xerox PARC. Retrieved July},
year = {1996},
volume = {8},
pages = {2007}
}

@book{Wilson:1996bs,
author = {Wilson, B G},
title = {{Constructivist learning environments: Case studies in instructional design}},
publisher = {Educational Technology},
year = {1996}
}

@inproceedings{forrest1996sense,
author = {Forrest, Stephanie and Hofmeyr, Steven A and Somayaji, Anil and Longstaff, Thomas A},
title = {{A sense of self for unix processes}},
booktitle = {Security and Privacy, 1996. Proceedings., 1996 IEEE Symposium on},
year = {1996},
pages = {120--128},
organization = {IEEE}
}

@article{Shaw:1995:p205319,
author = {Shaw, Mary and DeLine, Robert and Klein, Daniel V and Ross, Theodore L and Young, David M and Zelesnik, Gregory},
title = {{Abstractions for Software Architecture and Tools to Support Them}},
journal = {IEEE Trans. Softw. Eng.},
year = {1995},
volume = {21},
pages = {314--335},
month = apr
}

@article{Magee:1995p3928,
author = {Magee, J and Dulay, N and Eisenbach, S and Kramer, J},
title = {{Specifying distributed software architectures}},
journal = {Software Engineering---ESEC'95},
year = {1995},
pages = {137--153}
}

@article{anderson1995next,
author = {Anderson, Debra and Frivold, Thane and Valdes, Alfonso},
title = {{Next-generation intrusion detection expert system (NIDES): A summary}},
year = {1995}
}

@article{linn1995designing,
author = {Linn, Marcia C},
title = {{Designing computer learning environments for engineering and computer science: The scaffolded knowledge integration framework}},
journal = {Journal of Science Education and technology},
year = {1995},
volume = {4},
number = {2},
pages = {103--126}
}

@book{anderson1995detecting,
author = {Anderson, Debra and Lunt, Teresa F and Javitz, Harold and Tamaru, Ann and Valdes, Alfonso and {others}},
title = {{Detecting Unusual Program Behavior Using the Statistical Component of the Next-generation Intrusion Detection Expert Systems (NIDES)}},
publisher = {SRI International. Computer Science Laboratory},
year = {1995}
}

@techreport{bremer1995outliers,
author = {Bremer, Ronald},
title = {{Outliers in statistical data}},
year = {1995}
}

@book{Elias:1995we,
author = {Elias, John L Merriam Sharan B},
title = {{Philosophical Foundations of Adult Education. Second Edition.}},
publisher = {Krieger Publishing Co.},
year = {1995}
}

@article{Luckham:1995p3917,
author = {Luckham, D C and Vera, J},
title = {{An event-based architecture definition language}},
journal = {Software Engineering, IEEE Transactions on},
year = {1995},
volume = {21},
number = {9},
pages = {717--734}
}

@article{barr1995teaching,
author = {Barr, Robert B and Tagg, John},
title = {{From teaching to learning{\textemdash}A new paradigm for undergraduate education}},
journal = {Change: The magazine of higher learning},
year = {1995},
volume = {27},
number = {6},
pages = {12--26}
}

@article{Shaw:1995p3914,
author = {Shaw, M and Garlan, D},
title = {{Formulations and formalisms in software architecture}},
journal = {Computer Science Today},
year = {1995},
pages = {307--323}
}

@article{Shaw:1994p3919,
author = {Shaw, M and Garlan, D and SCIENCE, CARNEGIE-MELLON UNIV PITTSBURGH PA DEPT OF COMPUTER},
title = {{Characteristics of Higher-Level Languages for Software Architecture.}},
year = {1994}
}

@book{barnett1994outliers,
author = {Barnett, Vic and Lewis, Toby},
title = {{Outliers in statistical data}},
publisher = {Wiley New York},
year = {1994},
volume = {3}
}

@techreport{anderson1994bloom,
author = {Anderson, Lorin W and Sosniak, Lauren A},
title = {{Bloom's taxonomy: a forty-year retrospective. Ninety-third yearbook of the National Society for the Study of Education, Pt. 2}},
year = {1994}
}

@article{javitz1993nides,
author = {Javitz, Harold S and Valdes, Alfonso and NRaD, Code},
title = {{The NIDES statistical component: Description and justification}},
journal = {Contract},
year = {1993},
volume = {39},
number = {92-C},
pages = {0015}
}

@article{Vestal:1993p3920,
author = {Vestal, S},
title = {{A cursory overview and comparison of four architecture description languages}},
year = {1993}
}

@article{Batory:1992p4035,
author = {Batory, D and O'malley, S},
title = {{The design and implementation of hierarchical software systems with reusable components}},
journal = {ACM Transactions on Software Engineering and Methodology (TOSEM)},
year = {1992},
volume = {1},
number = {4},
pages = {355--398}
}

@book{lunt1992real,
author = {Lunt, Teresa F and Tamaru, Ann and Gillham, F},
title = {{A real-time intrusion-detection expert system (IDES)}},
publisher = {SRI International. Computer Science Laboratory},
year = {1992}
}

@article{BROOKESTAUFFER:1991p3714,
author = {STAUFFER, H BROOKE},
title = {{Smart enabling system for home automation}},
journal = {IEEE transactions on consumer electronics},
year = {1991},
month = jan
}

@inproceedings{craig1991new,
author = {Craig, John W},
title = {{A new, simple and exact result for calculating the probability of error for two-dimensional signal constellations}},
booktitle = {Military Communications Conference, 1991. MILCOM'91, Conference Record, Military Communications in a Changing World., IEEE},
year = {1991},
pages = {571--575},
publisher = {IEEE}
}

@article{Gorlick:1991p3544,
author = {Gorlick, M M and Razouk, R R},
title = {{Using weaves for software construction and analysis}},
journal = {Proceedings of the 13th international conference on Software engineering},
year = {1991},
pages = {23--34}
}

@inproceedings{snapp1991dids,
author = {Snapp, Steven R and Brentano, James and Dias, Gihan V and Goan, Terrance L and Heberlein, L Todd and Ho, Che-Lin and Levitt, Karl N and Mukherjee, Biswanath and Smaha, Stephen E and Grance, Tim and {others}},
title = {{DIDS (distributed intrusion detection system)-motivation, architecture, and an early prototype}},
booktitle = {Proceedings of the 14th national computer security conference},
year = {1991},
pages = {167--176},
organization = {Washington, DC}
}

@article{maxion1990case,
author = {Maxion, Roy A and Feather, Frank E},
title = {{A case study of ethernet anomalies in a distributed computing environment}},
journal = {IEEE transactions on Reliability},
year = {1990},
volume = {39},
number = {4},
pages = {433--443}
}

@article{Ornstein:1989hk,
author = {Ornstein, A C and Hunkins, F P},
title = {{Curriculum Theory: Meaning, Function, and Practice}},
journal = {NASSP Bulletin},
year = {1989},
volume = {73},
number = {519},
pages = {103--110},
month = jan
}

@article{hunkins1988challenge,
author = {Hunkins, Francis P and Ornstein, Allan C},
title = {{A challenge for principals designing the curriculum}},
journal = {NASSP Bulletin},
year = {1988},
volume = {72},
number = {509},
pages = {50--59}
}

@article{Maes:1987p3727,
author = {Maes, P},
title = {{Concepts and experiments in computational reflection}},
journal = {Conference proceedings on Object-oriented programming systems, languages and applications},
year = {1987},
pages = {147--155}
}

@book{denning1985requirements,
author = {Denning, Dorothy and Neumann, Peter G},
title = {{Requirements and model for IDES-a real-time intrusion-detection expert system}},
publisher = {SRI International},
year = {1985}
}

@article{Russo:1646448,
author = {Russo, P M},
title = {{Microsystems Interprocessor Communication for Multi-Microcomputer Systems}},
journal = {Computer},
year = {1977},
volume = {10},
number = {4},
pages = {67--76},
month = apr
}

@article{marton1976qualitative,
author = {Marton, Ference and S{\"a}lj{\"o}, Roger},
title = {{On qualitative differences in learning: I{\textemdash}Outcome and process}},
journal = {British journal of educational psychology},
year = {1976},
volume = {46},
number = {1},
pages = {4--11}
}

@article{Bellman:1962he,
author = {Bellman, Richard},
title = {{Dynamic Programming Treatment of the Travelling Salesman Problem.}},
journal = {Journal of the ACM},
year = {1962},
volume = {9},
number = {1},
pages = {61--63}
}

@article{Anonymous:vs,
title = {{twitter/AnomalyDetection}}
}

@article{Anthony:2010p3204,
author = {Anthony, R and Chen, D and Pelc, M and Persson, M},
title = {{Context-Aware Adaptation in DySCAS}},
journal = {eceasst.cs.tu-berlin.de}
}

@article{Gallagher:ht,
author = {Gallagher, K and Hatch, A and Munro, M},
title = {{Software Architecture Visualization: An Evaluation Framework and Its Application}},
journal = {IEEE Trans. Softw. Eng.},
volume = {34},
number = {2},
pages = {260--270}
}

@webpage{Anonymous:4ZWYp7A7,
url = {http://opensiuc.lib.siu.edu/cgi/viewcontent.cgi?article=1212&context=tpr&sei-redir=1&referer=https%3A%2F%2Fscholar.google.com%2Fscholar%3Fq%3Dgiven%2Ban%2Bimmediate%2Bfeedback%2Bfor%2Blearners%26btnG%3D%26hl%3Den%26as_sdt%3D0%252C5#search=%22given%20an%20immediate%20feedback%20learners%22}
}

@webpage{Anonymous:WViyRapD,
title = {{Fix Your Street}},
url = {http://www.fixyourstreet.ie/}
}

@webpage{Anonymous:lAcqIiVS,
title = {{nmon for Linux | Main / HomePage}},
url = {http://nmon.sourceforge.net/pmwiki.php}
}

@incollection{Curtis:CvoO5DDV,
author = {Curtis, J},
title = {{B.; Graham, CR; Cross, J. y Moore, MG (2008)." The Handbook of Blended Learning: Global Perspectives, Local Designs",
}}
}

@article{Lau:hg,
author = {Lau, Kung-Kiu and Wang, Zheng},
title = {{Software Component Models}},
journal = {IEEE Trans. Softw. Eng.},
volume = {33},
number = {10},
pages = {709--724}
}

@article{Barbacci:2010p4077,
author = {Barbacci, M},
title = {{Software Quality Attributes: Modifiability and Usability}},
journal = {Software Engineering Institute, Carnegie Mellon University, Pittsburgh PA},
volume = {15213}
}

@webpage{Anonymous:wy,
title = {{Sysdig | Sysdig Secure}},
url = {https://sysdig.com/product/secure/}
}

@inproceedings{Anthony:it,
author = {Anthony, Richard and Pelc, Mariusz and Ward, Paul and Hawthorne, James and Pulnah, Kaveesh},
title = {{A Run-Time Configurable Software Architecture for Self-Managing Systems}},
booktitle = {2008 International Conference on Autonomic Computing (ICAC)},
pages = {207--208},
publisher = {IEEE}
}

@webpage{Anonymous:vn,
title = {{Sematext {\textendash} Solr / Elasticsearch Experts {\textendash} Search {\&} Big Data Analytics}},
url = {https://sematext.com/}
}

@inproceedings{Duszynski:kr,
author = {Duszynski, Slawomir and Knodel, Jens and Lindvall, Mikael},
title = {{SAVE: Software Architecture Visualization and Evaluation}},
booktitle = {2009 13th European Conference on Software Maintenance and Reengineering},
pages = {323--324},
publisher = {IEEE}
}

@article{Rakotonirainy:2010p3903,
author = {Rakotonirainy, A and Bond, A},
title = {{Specification of mobile transparency}},
journal = {Proceedings of the IFIP/IEEE International Conference on ODP and Distributed Platforms},
pages = {277--287}
}

@webpage{Anonymous:ijmTeWyH,
title = {{Snort - Network Intrusion Detection {\&} Prevention System}},
url = {https://www.snort.org/}
}

@article{otahal20144anomaly,
author = {Otahal, Marek and Stepankova, Olga},
title = {{ANOMALY DETECTION WITH CORTICAL LEARNING ALGORITHM FOR SMART HOMES}},
journal = {SMART HOMES},
volume = {20144},
pages = {24}
}

@webpage{Anonymous:di34DYJJ,
url = {http://arrow.dit.ie/cgi/viewcontent.cgi?article=1002&context=libcon}
}

@article{Anonymous:tc,
title = {{Docker Monitoring, Kubernetes Monitoring, {\&} more | Sysdig}}
}

@webpage{Anonymous:us,
title = {{Sysdig announces enterprise-grade software for container monitoring | Sysdig}},
url = {https://sysdig.com/press-releases/sysdig-announces-container-monitoring-software/}
}

@article{Behlouli:2010p3476,
author = {Behlouli, N B and Taconet, C and Bernard, G},
title = {{An architecture for supporting Development and Execution of Context-Aware Component applications}},
journal = {ICPS'06: IEEE International Conference on Pervasive Services 2006},
pages = {57--66}
}

@article{Anonymous:usa,
title = {{Sysdig announces enterprise-grade software for container monitoring | Sysdig}}
}

@webpage{Anonymous:aXW8Au8Q,
title = {{Download: HULK - Http Unbearable Load King $\approx$ Packet Storm}},
url = {https://packetstormsecurity.com/files/download/112856/hulk.zip)}
}

@webpage{Anonymous:uv,
author = {{DATADOG}},
title = {{DATADOG Docker Adoption}},
url = {https://www.datadoghq.com/docker-adoption/}
}

@webpage{Anonymous:74XYZulZ,
title = {{Prometheus query results as CSV | Robust Perception}},
url = {https://www.robustperception.io/prometheus-query-results-as-csv/}
}

@inproceedings{Keung:ft,
author = {Keung, Jacky W and Liu, Yan and Foster, Kate and Nguyen, Thong},
title = {{A Statistical Method for Middleware System Architecture Evaluation}},
booktitle = {2010 21st Australian Software Engineering Conference},
pages = {183--191},
publisher = {IEEE}
}

@article{Gazis:gs,
author = {Gazis, V and Patouni, E and Alonistioti, N and Merakos, L},
title = {{A survey of dynamically adaptable protocol stacks}},
journal = {IEEE Communications Surveys {\&} Tutorials},
volume = {12},
number = {1},
pages = {3--23}
}

@article{Haupt:2010p3399,
author = {Haupt, MARHM and Masuhara, H},
title = {{ContextJ: Context-oriented Programming with Java}}
}

@webpage{InfluxDB:uh,
author = {{InfluxDB}},
title = {{InfluxData Documentation}},
url = {https://docs.influxdata.com/}
}

@article{Anonymous:to,
title = {{etsy/skyline}}
}

@webpage{Anonymous:ud,
title = {{DigitalOcean: Cloud computing designed for developers}},
url = {https://www.digitalocean.com/}
}

@webpage{Anonymous:P12E7lfr,
title = {{Axibase | What is Docker and How Do You Monitor It?}},
url = {https://axibase.com/docker-monitoring/}
}

@article{Ayed:2010p466,
author = {Ayed, D and Taconet, C and Bernard, G},
title = {{Deployment and Reconfiguration of Component-based Applications in AMPROS}},
journal = {PROactive computing Workshop (PROW 2004)}
}

@article{Anonymous:up,
title = {{Sysdig: The New (Definitive) System Troubleshooting Tool}}
}

@webpage{Anonymous:vl,
title = {{English Dictionary, Thesaurus, {\&} grammar help | Oxford Dictionaries}},
url = {https://en.oxforddictionaries.com/}
}

@webpage{Anonymous:5gEVXCBP,
title = {{Is C5.0 Better Than C4.5?}},
url = {http://rulequest.com/see5-comparison.html}
}

@techreport{IBM-AC-Elements:2010p1,
author = {{IBM}},
title = {{Autonomic computing toolkit: Developers guide.}}
}

@inproceedings{Nikiforova:ky,
author = {Nikiforova, Oksana and Cernickins, Antons and Pavlova, Natalja},
title = {{Discussing the Difference between Model Driven Architecture and Model Driven Development in the Context of Supporting Tools}},
booktitle = {2009 Fourth International Conference on Software Engineering Advances (ICSEA)},
pages = {446--451},
publisher = {IEEE}
}

@inproceedings{Amoui:dv,
author = {Amoui, Mehdi and Derakhshanmanesh, Mahdi and Ebert, Jurgen and Tahvildari, Ladan},
title = {{Software Evolution towards Model-Centric Runtime Adaptivity}},
booktitle = {2011 15th European Conference on Software Maintenance and Reengineering (CSMR)},
pages = {89--92},
publisher = {IEEE}
}

@webpage{Anonymous:wv,
title = {{Numenta Platform for Intelligent Computing (NUPIC)}},
url = {https://github.com/numenta/nupic}
}

@webpage{Anonymous:y16F78W7,
title = {{CoScale agent CoScale agent Details - Docker Store}},
url = {https://store.docker.com/images/coscale-agent/plans/55daeb17-9d86-4584-801d-72cd7fdf0168?tab=instructions}
}

@article{Anonymous:jeVnrE8v,
title = {{nmon analyser -- A free tool to produce AIX performance reports}}
}

@article{SiuNamChuang:ej,
author = {Siu-Nam Chuang and Chan, A T S},
title = {{Dynamic QoS Adaptation for Mobile Middleware}},
journal = {IEEE Trans. Softw. Eng.},
volume = {34},
number = {6},
pages = {738--752}
}

@article{Anonymous:QDy5ZGMT,
author = {Perea, A J and Mero{\~n}o, J E and Science, MJ Aguilera South African Journal of},
title = {{Application of Numenta{\textregistered} Hierarchical Temporal Memory for land-use classification}},
journal = {scielo.org.za
}
}

@webpage{rkt:7L_v4nti,
author = {{coreos}},
title = {{rkt, a security-minded, standards-based container engine}},
url = {https://coreos.com/rkt/}
}

@inproceedings{Meng:gv,
author = {Meng, Dejian and Poslad, Stefan and Zhang, Yide},
title = {{Intelligent Context-Based Adaptation for Spatial Routing Applications in Dynamic Environment}},
booktitle = {2009 International Conference on Dependable, Autonomic and Secure Computing (DASC)},
pages = {229--234},
publisher = {IEEE}
}

@webpage{Anonymous:rl8DDrFT,
title = {{Encountered a 404 error}},
url = {http://nmon.sourceforge.net/pmwiki.php)}
}

@webpage{Anonymous:BZIdLmyh,
url = {http://www.cisco.com/c/dam/en_us/training-events/employer_resources/pdfs/wp13CS4110_EmployerValue.pdf}
}

@webpage{Anonymous:KLx_kRV_,
url = {https://teachonline.ca/sites/default/files/contactNorth/files/pdf/trends-and-directions/engaging_first-year_students_at_queens_-_final.pdf}
}

@webpage{Anonymous:9cgmyhe_,
title = {{SLACK }},
url = {https://slack.com/}
}

@article{Sen:2010p3766,
author = {Sen, R and Roman, G},
title = {{Context-Sensitive Binding, Flexible Programming Using Transparent Context Maintenance}}
}

